1760 3052
286 257 373 304 IN
409 253 831 304 HERoooTr
866 254 1017 304 LIB.
1054 258 1122 309 V.
1277 271 1369 318 ηιμ

52 371 131 412 hat
150 369 323 413 Athen.
348 372 424 411 XI.
451 385 498 424 p.
520 372 611 411 502.
637 372 686 410 C.
716 392 770 400 —
799 382 896 422 cap.
921 383 1010 417 107.
1036 383 1234 423 nuperae
1268 372 1374 411 edit.

56 427 88 466 l.
104 441 141 478 7.
162 428 321 476 χυτρίδων
343 427 569 477 ἐπιχωριέων)
585 430 725 476 xvi-‚olm
747 424 851 465 citat
866 425 1047 466 Pollux
1065 427 1136 466 VI.
1157 441 1248 466 100.
1276 428 1374 467 Me-

54 481 144 522 lius
161 482 444 523 Athenaeus.
465 481 579 522 Vide
599 481 833 533 Leopard.
857 482 1044 520 Emend.
1071 482 1151 521 VIs
1178 495 1243 521 20.
1273 485 1375 522 Am-

55 538 118 578 bo
132 540 313 588 ἐπιχωρίων
335 551 434 577 cum
448 535 716 577 Ald-Arch.
740 533 885 576 Vind·
906 538 1158 590 'vulgatum
1177 538 1374 585 ἐπιχωριέων

54 595 160 632 dant
180 592 306 633 Med.
322 594 457 633 Pas-5.
472 592 584 631 Ask.
597 588 723 631 Brit.
743 592 848 631 duo.
865 613 914 623 -
935 591 993 632 F.
1011 598 1053 631 et
1070 589 1232 633 Paris.
1290 593 1318 632 l.
1335 606 1374 644 9.

54 648 97 689 ἔκ
108 666 142 688 τε
160 649 280 696 τόσου)
294 651 330 688 ἐκ
341 649 419 688 τότε
433 646 642 689 ΑΓΟῘΙ.·-
659 648 902 701 Vulgafum
917 652 1098 686 tuentur
1111 647 1188 686 alii
1202 660 1372 690 omnes.

56 700 183 742 Ibid.
202 706 280 742 τῶν
307 701 514 757 Ἀθηναίων)
546 703 618 745 triv
637 703 745 744 Ἀθην.
759 702 907 744 Arest.
927 700 1074 744 Vind.
1085 703 1220 745 Pas-5.
1238 724 1292 735 —
1306 706 1372 743 τῶν

53 764 175 799 tenet
192 759 248 798 F.
270 766 312 797 et
332 755 493 798 Paris.
516 771 619 797 cum
634 756 746 798 aliis.

110 813 258 855 CAP.
282 812 555 853 LXXXIX.
585 812 693 853 Lin.
719 829 753 853 1.
786 814 1050 856 Ἀθηναίοισι
1081 829 1195 858 ynam.
1222 812 1372 853 Arell-

64 867 211 909 Vind.
238 866 395 908 Paris.
412 870 472 908 A.
489 870 544 909 B.
574 866 697 909 Brit.
731 871 821 908 duo
849 874 891 908 et
920 868 1030 909 Ald.
1064 869 1106 914 ἐξ
1140 870 1372 911 Ἀθηναίων

0 971 1 975 ¹
52 925 179 966 Med.
205 924 342 964 Pass.
362 924 474 964 Ask.
495 948 549 955 —-
574 930 616 962 et
639 925 690 963 F.
712 938 792 964 nec
811 923 860 963 hi
884 926 1018 963 male.
1084 925 1114 963 l.
1134 930 1169 966 5.
1193 926 1372 968 Αἰγινῆταί

0 1022 1 1027 ,
51 997 98 1020 τε
117 979 187 1032 δι”)
208 979 279 1019 Sic
300 980 405 1018 Ask.
422 1001 474 1012 —
495 987 537 1019 et
549 980 636 1020 Pa.
657 982 779 1031 quod
797 979 942 1032 recepi
961 994 1062 1019 cum
1080 977 1261 1035 Schaefi
1286 981 1374 1019 Ah-

0 1036 2 1123 >
51 1042 116 1074 est
135 1053 170 1075 τε
187 1035 242 1075 F.
269 1041 311 1074 et
338 1034 437 1076 aliis
469 1049 568 1075 cum
588 1034 655 1074 ed.
681 1037 829 1075 Wess.
860 1037 1037 1080 Αἶγιννῒτειι
1066 1034 1096 1075 δὲ
1126 1037 1260 1074 habet
1280 1036 1370 1076 Pd.

50 1089 171 1131 Ibid.
209 1090 313 1141 ἐδῂευν
340 1090 488 1131 Arch.
519 1088 722 1130 Vindob.
763 1090 899 1142 [inde
919 1090 986 1129 ed.
1011 1089 1188 1143 Wess.]
1228 1093 1374 1131 Antea.

52 1145 174 1196 ἔὲζιίᾱυν.
191 1167 248 1176 —
275 1144 347 1185 Sic
365 1147 414 1185 F.
434 1146 519 1186 Pa.
577 1146 607 1185 l.
632 1148 670 1184 6.
695 1147 747 1185 ἐπ’
766 1146 972 1195 Αἰγινήτας)
996 1147 1048 1185 ἐπ’
1070 1149 1202 1191 Αἶγίνκς
1220 1146 1367 1187 Arest.

56 1198 277 1249 Vindob.j
291 1200 434 1240 Valla
451 1229 462 1246 ,
490 1202 727 1241 commode
746 1202 861 1240 satis.
887 1223 935 1229 -
965 1203 1015 1240 Et
1033 1202 1264 1253 adoptavit
1285 1204 1372 1242 hoc

48 1253 230 1312 Schacgsl
271 1257 323 1294 ἐπ’
354 1259 487 1301 Αἷγίνκν
512 1257 721 1308 equidem
746 1257 1017 1309 probaturus
1044 1270 1183 1309 cram,
1207 1270 1299 1296 non
1320 1261 1371 1298 ἐπ’

48 1311 204 1356 Αἶγίνηςτ
232 1311 310 1350 sed
336 1313 459 1352 nulla
479 1326 626 1352 caussa
648 1313 817 1364 subest,
845 1325 923 1350 cur
940 1313 1173 1366 vulgatum
1198 1314 1374 1353 desera-

48 1380 165 1408 mus.
222 1367 252 1406 l.
268 1369 307 1407 8.
329 1367 458 1408 οἰδικίου
481 1368 603 1408 Med.
621 1369 757 1408 Pass.
777 1367 885 1407 Ask.
900 1365 1027 1408 Brit.
1044 1370 1148 1407 duo.
1168 1369 1246 1416 [F.
1259 1369 1370 1420 Pb.]

48 1421 143 1463 Alii
161 1424 282 1462 αι’κίου.
307 1446 362 1455 —-
392 1424 480 1464 Pa.
502 1427 632 1474 αι’κίου,
654 1425 732 1463 sed
759 1422 807 1462 in
831 1436 911 1462 ora
934 1423 1063 1463 α’δικίου
1086 1426 1114 1463 ἔν
1144 1422 1274 1470 <lm-015·-
1314 1424 1372 1465 In.

0 1465 5 1526 Ι
49 1479 137 1520 Pe.
159 1485 201 1518 et
217 1477 306 1518 Pd.
325 1478 532 1531 imperite
555 1486 742 1530 utraque
764 1479 983 1531 scriptura
1004 1479 1051 1518 in
1076 1486 1285 1520 contextu
1307 1480 1371 1521 sic

1 1527 6 1570 Ι
49 1533 197 1587 posita
221 1541 306 1585 est,
327 1533 455 1575 οἷδικίσυ
477 1537 505 1575 ἔν
532 1534 649 1580 ἄλλοις
675 1537 784 1574 αι’κίου
798 1535 976 1585 τριήκοντα
1001 1543 1086 1575 etc·-
1145 1533 1267 1576 [bid.
1288 1536 1369 1577 ἔτεα

0 1575 6 1609 ¹
49 1588 240 1644 negligit
260 1588 409 1630 Arch.
481 1591 510 1629 l.
542 1604 602 1629 ιο.
635 1590 888 1641 χωρήσειν)
921 1591 1292 1641 χωρῆσαιΑΓΟῘι.
1314 1612 1370 1624 ·—·

2 1616 6 1675 Ι
48 1658 141 1697 quo
162 1656 255 1685 uno
279 1659 302 1685 e
326 1645 480 1685 codice
503 1646 668 1698 recepit
684 1648 770 1685 hoc
789 1643 969 1701 Schacjl
1000 1646 1218 1698 Equidem
1243 1647 1369 1688 resti-

4 1738 6 1740 .
46 1708 172 1741 tuere
193 1713 286 1740 non
317 1700 520 1741 dubitavi
547 1709 819 1742 constantem
846 1701 1036 1741 aliorum
1067 1701 1271 1743 omnium
1294 1717 1370 1744 co-

4 1774 7 1817 ;
48 1755 201 1796 dicum
225 1755 491 1809 scripturam
509 1788 520 1809 ‚
548 1756 620 1797 cui
642 1756 830 1797 omnino
851 1756 926 1796 hic
946 1759 1069 1796 locus
1095 1765 1197 1797 erat.
1229 1762 1365 1813 Nam,

49 1813 174 1865 quod
209 1814 347 1864 paulo
384 1822 484 1865 post
516 1812 576 1863 (l.
606 1811 698 1866 13.)
731 1815 869 1868 vulgo
907 1814 1140 1867 legebatur
1178 1817 1368 1856 verbum

4 1858 10 1927 1
47 1870 474 1918 καταστρέψασθαι
500 1868 547 1907 in
574 1869 738 1909 aoristo
766 1869 989 1921 positum,
1023 1868 1240 1922 idipsum
1270 1885 1366 1911 non
1428 1866 1432 1871 “

46 1925 186 1964 modo
221 1931 474 1975 suspectum
506 1938 597 1965 esse
632 1925 847 1976 debebat,
877 1925 954 1965 sed
986 1932 1151 1964 temere
1184 1940 1367 1979 prorsus

45 1978 113 2020 ibi
138 1978 359 2018 invectam
392 1979 526 2020 fuisse
559 1980 712 2020 aoristi
749 1980 938 2020 formam
970 1979 1161 2033 intelligi
1191 1989 1367 2034 poterat

46 2041 101 2076 ex
120 2031 303 2076 Aldina
322 2034 519 2076 editione
535 2049 636 2077 cum
654 2033 991 2088 Stephanianis
1007 2037 1182 2076 collata.
1213 2040 1366 2092 Quum

46 2089 169 2130 enim
195 2103 278 2142 pro
299 2094 614 2141 καταστρέψεσθαι,
646 2093 768 2143 quod
791 2091 837 2130 in
855 2089 1036 2132 Aldina
1061 2098 1142 2143 est,
1173 2098 1366 2146 καταστρέ-

42 2149 182 2193 ψασθαι
206 2147 382 2200 legatur
410 2146 458 2185 in
486 2145 851 2199 Stephanianis;
885 2149 999 2187 hanc
1032 2147 1294 2200 scripturam
1326 2150 1365 2191 si

42 2207 121 2242 aut
134 2215 186 2241 ex
209 2201 362 2241 codice
379 2201 532 2253 aliquo
547 2202 782 2256 accepisset
795 2203 1082 2255 Stephanus.
1105 2211 1180 2243 aut
1199 2205 1234 2243 si
1256 2219 1363 2245 con-

42 2258 161 2298 sulto
188 2256 284 2310 ipse
313 2271 366 2296 cx
388 2258 641 2297 coniectura
669 2258 982 2312 corrigendum
1010 2260 1076 2298 ita'
1100 2260 1360 2315 censuisset,

43 2313 170 2353 haud
204 2312 340 2352 dubie
365 2315 547 2353 alteram
575 2314 860 2368 scripturam,
897 2328 1010 2366 quae
1033 2315 1235 2367 profecto
1267 2331 1362 2358 non

43 2366 282 2408 manifeste
311 2368 470 2410 vitiosa
499 2376 614 2421 erat,
638 2370 684 2410 in
708 2384 785 2411 ora
807 2384 908 2410 cum
928 2370 1057 2424 signo
1082 2374 1146 2421 η’.
1175 2373 1360 2413 adnota-

41 2430 168 2464 turus
186 2430 278 2464 erat
295 2438 305 2463 :
335 2427 457 2476 quod
476 2426 691 2477 quoniam
713 2427 792 2466 ille
807 2440 897 2466 non
918 2426 1042 2471 fecit,
1072 2426 1264 2483 intelligi
1278 2443 1360 2481 par

44 2487 150 2525 erat,
176 2479 303 2520 istam
325 2480 477 2521 aoristi
501 2481 689 2522 formam
703 2513 715 2531 ‚
732 2484 833 2522 loco
850 2481 1011 2532 futuri,
1033 2495 1130 2522 casu
1154 2490 1286 2535 atque
1302 2492 1360 2524 te-

43 2549 168 2577 mere
182 2534 230 2575 in
246 2536 400 2589 steph.
419 2538 489 2575 ed.
510 2552 543 2576 1.
557 2537 805 2591 irrepsisse,
822 2537 1019 2589 indeque
1038 2537 1085 2576 in
1104 2537 1210 2581 alias
1223 2539 1358 2581 fuisse

96 2591 280 2634 Herod.
301 2592 351 2632 T.
364 2591 432 2633 II.
455 2592 512 2634 P.
526 2593 594 2633 II.
1051 2595 1089 2647 Q
