<?xml version="1.0" encoding="UTF-8"?>
<!DOCTYPE html PUBLIC "-//W3C//DTD XHTML 1.0 Transitional//EN"
    "http://www.w3.org/TR/xhtml1/DTD/xhtml1-transitional.dtd">
<html xmlns="http://www.w3.org/1999/xhtml" xml:lang="en" lang="en">
 <head>
  <title>
</title>
<meta http-equiv="Content-Type" content="text/html;charset=utf-8" />
  <meta name='ocr-system' content='tesseract 3.04.00' />
  <meta name='ocr-capabilities' content='ocr_page ocr_carea ocr_par ocr_line ocrx_word'/>
</head>
<body>
  <div class='ocr_page' id='page_1' title='image "./musaesivehistori02hero/musaesivehistori02hero_0554.png"; bbox 0 0 1801 3047; ppageno 0'>
   <div class='ocr_carea' id='block_1_1' title="bbox 320 253 1281 313">
    <p class='ocr_par' dir='ltr' id='par_1_1' title="bbox 320 253 1281 313">
     <span class='ocr_line' id='line_1_1' title="bbox 320 253 1281 313; baseline 0 -10"><span class='ocrx_word' id='word_1_1' title='bbox 320 253 417 313; x_wconf 80' lang='lat'><em>540</em></span> <span class='ocrx_word' id='word_1_2' title='bbox 668 253 1281 305; x_wconf 88' lang='lat' dir='ltr'><strong>ARGUMENTUM</strong></span> 
     </span>
    </p>
   </div>
   <div class='ocr_carea' id='block_1_2' title="bbox 314 362 1637 2633">
    <p class='ocr_par' dir='ltr' id='par_1_2' title="bbox 314 362 1637 2633">
     <span class='ocr_line' id='line_1_2' title="bbox 319 362 1625 422; baseline 0.004 -18"><span class='ocrx_word' id='word_1_3' title='bbox 319 362 475 417; x_wconf 86' lang='lat'><strong>(177.)</strong></span> <span class='ocrx_word' id='word_1_4' title='bbox 513 364 781 422; x_wconf 78' lang='lat' dir='ltr'><em>Machlyes,</em></span> <span class='ocrx_word' id='word_1_5' title='bbox 810 366 890 407; x_wconf 87' lang='lat' dir='ltr'><em>ubi</em></span> <span class='ocrx_word' id='word_1_6' title='bbox 928 364 1141 407; x_wconf 83' lang='lat' dir='ltr'><em>Tritonis</em></span> <span class='ocrx_word' id='word_1_7' title='bbox 1173 369 1326 419; x_wconf 86' lang='lat' dir='ltr'><em>palus,</em></span> <span class='ocrx_word' id='word_1_8' title='bbox 1359 365 1528 410; x_wconf 78' lang='lat' dir='ltr'><em>Iasonis</em></span> <span class='ocrx_word' id='word_1_9' title='bbox 1558 367 1625 409; x_wconf 81' lang='lat' dir='ltr'><em>fa-</em></span> 
     </span>
     <span class='ocr_line' id='line_1_3' title="bbox 318 419 1624 474; baseline 0.003 -15"><span class='ocrx_word' id='word_1_10' title='bbox 318 420 429 459; x_wconf 68' lang='lat' dir='ltr'><em>bula</em></span> <span class='ocrx_word' id='word_1_11' title='bbox 458 420 712 469; x_wconf 80' lang='lat' dir='ltr'><em>nobilitata3</em></span> <span class='ocrx_word' id='word_1_12' title='bbox 743 419 867 474; x_wconf 86' lang='lat'>(¹78·</span> <span class='ocrx_word' id='word_1_13' title='bbox 896 422 1015 474; x_wconf 83' lang='grc'><strong>179.)</strong></span> <span class='ocrx_word' id='word_1_14' title='bbox 1064 422 1321 468; x_wconf 87' lang='lat' dir='ltr'><em>Ausenses,</em></span> <span class='ocrx_word' id='word_1_15' title='bbox 1357 423 1477 474; x_wconf 87' lang='lat' dir='ltr'><em>apud</em></span> <span class='ocrx_word' id='word_1_16' title='bbox 1511 436 1624 474; x_wconf 87' lang='lat' dir='ltr'><em>quos</em></span> 
     </span>
     <span class='ocr_line' id='line_1_4' title="bbox 318 473 1625 532; baseline 0.002 -17"><span class='ocrx_word' id='word_1_17' title='bbox 318 473 561 515; x_wconf 78' lang='lat' dir='ltr'><em>Minervae</em></span> <span class='ocrx_word' id='word_1_18' title='bbox 577 474 821 532; x_wconf 79' lang='lat' dir='ltr'><em>indigenae</em></span> <span class='ocrx_word' id='word_1_19' title='bbox 836 491 1009 517; x_wconf 87' lang='lat' dir='ltr'><em>annuos</em></span> <span class='ocrx_word' id='word_1_20' title='bbox 1027 478 1156 517; x_wconf 85' lang='lat' dir='ltr'><em>ludos</em></span> <span class='ocrx_word' id='word_1_21' title='bbox 1175 477 1366 531; x_wconf 82' lang='lat' dir='ltr'><em>virgines</em></span> <span class='ocrx_word' id='word_1_22' title='bbox 1387 478 1625 517; x_wconf 87' lang='lat' dir='ltr'><em>celebrant.</em></span> 
     </span>
     <span class='ocr_line' id='line_1_5' title="bbox 317 527 1623 589; baseline 0.002 -20"><span class='ocrx_word' id='word_1_23' title='bbox 317 527 475 584; x_wconf 79' lang='lat'>(180.)</span> <span class='ocrx_word' id='word_1_24' title='bbox 503 532 643 584; x_wconf 85' lang='lat' dir='ltr'><em>Supra</em></span> <span class='ocrx_word' id='word_1_25' title='bbox 667 535 747 571; x_wconf 83' lang='lat' dir='ltr'><em>hos</em></span> <span class='ocrx_word' id='word_1_26' title='bbox 770 533 960 583; x_wconf 87' lang='lat' dir='ltr'><em>populos</em></span> <span class='ocrx_word' id='word_1_27' title='bbox 989 539 1051 571; x_wconf 85' lang='lat' dir='ltr'><em>est</em></span> <span class='ocrx_word' id='word_1_28' title='bbox 1073 530 1623 589; x_wconf 83' lang='lat' dir='ltr'><em>Libyaserisfrequens;</em></span> 
     </span>
     <span class='ocr_line' id='line_1_6' title="bbox 316 584 1622 640; baseline 0.002 -16"><span class='ocrx_word' id='word_1_29' title='bbox 316 586 433 625; x_wconf 85' lang='lat' dir='ltr'><em>ultra</em></span> <span class='ocrx_word' id='word_1_30' title='bbox 466 600 598 638; x_wconf 87' lang='lat' dir='ltr'><em>quam</em></span> <span class='ocrx_word' id='word_1_31' title='bbox 636 584 943 640; x_wconf 78' lang='lat' dir='ltr'><em>supercilium</em></span> <span class='ocrx_word' id='word_1_32' title='bbox 979 601 1231 627; x_wconf 86' lang='lat' dir='ltr'><em>arenosum</em></span> <span class='ocrx_word' id='word_1_33' title='bbox 1262 601 1343 640; x_wconf 90' lang='lat' dir='ltr'><em>per</em></span> <span class='ocrx_word' id='word_1_34' title='bbox 1377 594 1512 626; x_wconf 81' lang='lat' dir='ltr'><em>totam</em></span> <span class='ocrx_word' id='word_1_35' title='bbox 1549 587 1622 628; x_wconf 88' lang='lat' dir='ltr'><em>Li-</em></span> 
     </span>
     <span class='ocr_line' id='line_1_7' title="bbox 314 641 1624 694; baseline 0.002 -14"><span class='ocrx_word' id='word_1_36' title='bbox 314 641 454 692; x_wconf 81' lang='lat' dir='ltr'><em>byam</em></span> <span class='ocrx_word' id='word_1_37' title='bbox 474 648 752 694; x_wconf 81' lang='lat' dir='ltr'><em>porrectum,</em></span> <span class='ocrx_word' id='word_1_38' title='bbox 782 641 829 680; x_wconf 87' lang='lat' dir='ltr'><em>in</em></span> <span class='ocrx_word' id='word_1_39' title='bbox 858 654 948 692; x_wconf 91' lang='lat' dir='ltr'><em>quo</em></span> <span class='ocrx_word' id='word_1_40' title='bbox 976 656 1028 681; x_wconf 86' lang='lat' dir='ltr'><em>ex</em></span> <span class='ocrx_word' id='word_1_41' title='bbox 1057 643 1276 682; x_wconf 88' lang='lat' dir='ltr'><em>denorum</em></span> <span class='ocrx_word' id='word_1_42' title='bbox 1298 643 1473 682; x_wconf 88' lang='lat' dir='ltr'><em>dierum</em></span> <span class='ocrx_word' id='word_1_43' title='bbox 1491 641 1624 682; x_wconf 86' lang='lat' dir='ltr'><em>itine-</em></span> 
     </span>
     <span class='ocr_line' id='line_1_8' title="bbox 315 694 1625 750; baseline 0.002 -15"><span class='ocrx_word' id='word_1_44' title='bbox 315 694 377 736; x_wconf 87' lang='lat' dir='ltr'><em>ris</em></span> <span class='ocrx_word' id='word_1_45' title='bbox 405 695 643 735; x_wconf 86' lang='lat' dir='ltr'><em>intervallo</em></span> <span class='ocrx_word' id='word_1_46' title='bbox 675 702 777 736; x_wconf 90' lang='lat' dir='ltr'><em>sunt</em></span> <span class='ocrx_word' id='word_1_47' title='bbox 807 697 905 735; x_wconf 88' lang='lat' dir='ltr'><em>loca</em></span> <span class='ocrx_word' id='word_1_48' title='bbox 931 698 1043 748; x_wconf 82' lang='lat' dir='ltr'><em>sale,</em></span> <span class='ocrx_word' id='word_1_49' title='bbox 1069 710 1184 749; x_wconf 87' lang='lat' dir='ltr'><em>aqua</em></span> <span class='ocrx_word' id='word_1_50' title='bbox 1215 697 1358 749; x_wconf 84' lang='lat' dir='ltr'><em>dulci,</em></span> <span class='ocrx_word' id='word_1_51' title='bbox 1386 703 1429 737; x_wconf 87' lang='lat' dir='ltr'><em>et</em></span> <span class='ocrx_word' id='word_1_52' title='bbox 1454 699 1625 750; x_wconf 84' lang='lat' dir='ltr'><em>palme-</em></span> 
     </span>
     <span class='ocr_line' id='line_1_9' title="bbox 316 750 1620 806; baseline 0.002 -16"><span class='ocrx_word' id='word_1_53' title='bbox 316 750 372 791; x_wconf 84' lang='lat' dir='ltr'><em>tis</em></span> <span class='ocrx_word' id='word_1_54' title='bbox 398 751 669 801; x_wconf 76' lang='lat' dir='ltr'><em>frequentia,</em></span> <span class='ocrx_word' id='word_1_55' title='bbox 697 764 809 802; x_wconf 90' lang='lat' dir='ltr'><em>quae</em></span> <span class='ocrx_word' id='word_1_56' title='bbox 839 752 894 790; x_wconf 89' lang='lat' dir='ltr'><em>ab</em></span> <span class='ocrx_word' id='word_1_57' title='bbox 930 751 1191 793; x_wconf 88' lang='lat' dir='ltr'><em>hominibus</em></span> <span class='ocrx_word' id='word_1_58' title='bbox 1225 751 1495 792; x_wconf 84' lang='lat' dir='ltr'><strong>habitantur.</strong></span> <span class='ocrx_word' id='word_1_59' title='bbox 1532 751 1620 806; x_wconf 85' lang='lat' dir='ltr'><em>(cf.</em></span> 
     </span>
     <span class='ocr_line' id='line_1_10' title="bbox 317 805 1624 858; baseline 0.002 -13"><span class='ocrx_word' id='word_1_60' title='bbox 317 819 356 845; x_wconf 88' lang='lat' dir='ltr'><em>c.</em></span> <span class='ocrx_word' id='word_1_61' title='bbox 380 805 500 858; x_wconf 83' lang='grc'><strong>185.)</strong></span> <span class='ocrx_word' id='word_1_62' title='bbox 544 809 717 845; x_wconf 86' lang='lat' dir='ltr'><em>Horum</em></span> <span class='ocrx_word' id='word_1_63' title='bbox 751 805 886 858; x_wconf 86' lang='lat' dir='ltr'><em>primi</em></span> <span class='ocrx_word' id='word_1_64' title='bbox 920 819 945 844; x_wconf 87' lang='lat' dir='ltr'><em>a</em></span> <span class='ocrx_word' id='word_1_65' title='bbox 975 806 1140 846; x_wconf 89' lang='lat' dir='ltr'><em>Thebis</em></span> <span class='ocrx_word' id='word_1_66' title='bbox 1174 815 1277 847; x_wconf 83' lang='lat' dir='ltr'><em>sunt</em></span> <span class='ocrx_word' id='word_1_67' title='bbox 1310 805 1624 852; x_wconf 87' lang='lat' dir='ltr'><em>Ammo-nii,</em></span> 
     </span>
     <span class='ocr_line' id='line_1_11' title="bbox 318 859 1624 918; baseline 0.002 -19"><span class='ocrx_word' id='word_1_68' title='bbox 318 860 398 912; x_wconf 92' lang='lat' dir='ltr'><em>qui</em></span> <span class='ocrx_word' id='word_1_69' title='bbox 437 863 654 913; x_wconf 88' lang='lat' dir='ltr'><em>templum</em></span> <span class='ocrx_word' id='word_1_70' title='bbox 693 859 816 901; x_wconf 75' lang='lat' dir='ltr'><em>Iovis</em></span> <span class='ocrx_word' id='word_1_71' title='bbox 862 862 1026 900; x_wconf 90' lang='lat' dir='ltr'><em>habent</em></span> <span class='ocrx_word' id='word_1_72' title='bbox 1054 859 1264 902; x_wconf 89' lang='lat' dir='ltr'><em>arietina</em></span> <span class='ocrx_word' id='word_1_73' title='bbox 1279 860 1431 918; x_wconf 84' lang='lat' dir='ltr'><em>facie.</em></span> <span class='ocrx_word' id='word_1_74' title='bbox 1466 861 1624 913; x_wconf 88' lang='grc'><strong>(181.)</strong></span> 
     </span>
     <span class='ocr_line' id='line_1_12' title="bbox 316 914 1624 972; baseline 0.002 -17"><span class='ocrx_word' id='word_1_75' title='bbox 316 917 434 956; x_wconf 85' lang='grc' dir='ltr'><strong>Τ11111</strong></span> <span class='ocrx_word' id='word_1_76' title='bbox 469 918 614 968; x_wconf 78' lang='lat' dir='ltr'><em>locus,</em></span> <span class='ocrx_word' id='word_1_77' title='bbox 652 916 724 956; x_wconf 89' lang='lat' dir='ltr'><em>cui</em></span> <span class='ocrx_word' id='word_1_78' title='bbox 754 929 920 955; x_wconf 88' lang='lat' dir='ltr'><em>nomen</em></span> <span class='ocrx_word' id='word_1_79' title='bbox 950 914 1180 972; x_wconf 73' lang='lat' dir='ltr'><em>Augila.</em></span> <span class='ocrx_word' id='word_1_80' title='bbox 1214 917 1338 967; x_wconf 83' lang='lat'>(182.</span> <span class='ocrx_word' id='word_1_81' title='bbox 1365 917 1420 956; x_wconf 85' lang='lat' dir='ltr'><em>of.</em></span> <span class='ocrx_word' id='word_1_82' title='bbox 1447 932 1482 958; x_wconf 92' lang='lat' dir='ltr'><em>c.</em></span> <span class='ocrx_word' id='word_1_83' title='bbox 1503 915 1624 970; x_wconf 83' lang='lat'><strong>172.)</strong></span> 
     </span>
     <span class='ocr_line' id='line_1_13' title="bbox 316 971 1623 1024; baseline 0.001 -14"><span class='ocrx_word' id='word_1_84' title='bbox 316 972 457 1011; x_wconf 88' lang='lat' dir='ltr'><em>Porro</em></span> <span class='ocrx_word' id='word_1_85' title='bbox 487 972 818 1012; x_wconf 78' lang='lat' dir='ltr'><em>Garamantes.</em></span> <span class='ocrx_word' id='word_1_86' title='bbox 846 972 967 1023; x_wconf 91' lang='lat' dir='ltr'><em>apud</em></span> <span class='ocrx_word' id='word_1_87' title='bbox 995 985 1107 1022; x_wconf 89' lang='lat' dir='ltr'><em>quos</em></span> <span class='ocrx_word' id='word_1_88' title='bbox 1133 973 1270 1011; x_wconf 90' lang='lat' dir='ltr'><em>boves</em></span> <span class='ocrx_word' id='word_1_89' title='bbox 1295 971 1623 1024; x_wconf 84' lang='lat' dir='ltr'><em>opisthonomi:</em></span> 
     </span>
     <span class='ocr_line' id='line_1_14' title="bbox 314 1025 1624 1083; baseline 0.002 -18"><span class='ocrx_word' id='word_1_90' title='bbox 314 1025 498 1066; x_wconf 85' lang='lat' dir='ltr'><em>illorum</em></span> <span class='ocrx_word' id='word_1_91' title='bbox 536 1026 715 1066; x_wconf 75' lang='lat' dir='ltr'><em>finitimi</em></span> <span class='ocrx_word' id='word_1_92' title='bbox 761 1026 1076 1083; x_wconf 76' lang='lat' dir='ltr'><em>Troglodytae</em></span> <span class='ocrx_word' id='word_1_93' title='bbox 1115 1025 1394 1080; x_wconf 73' lang='lat' dir='ltr'><em>Aethiopes,</em></span> <span class='ocrx_word' id='word_1_94' title='bbox 1418 1027 1624 1080; x_wconf 77' lang='lat' dir='ltr'><em>·pedjbus</em></span> 
     </span>
     <span class='ocr_line' id='line_1_15' title="bbox 315 1081 1626 1134; baseline 0.002 -14"><span class='ocrx_word' id='word_1_95' title='bbox 315 1081 627 1134; x_wconf 81' lang='lat' dir='ltr'><em>pernicissimi.</em></span> <span class='ocrx_word' id='word_1_96' title='bbox 655 1082 810 1133; x_wconf 84' lang='grc'><strong>(183.)</strong></span> <span class='ocrx_word' id='word_1_97' title='bbox 853 1085 890 1123; x_wconf 93' lang='lat' dir='ltr'>T</span> <span class='ocrx_word' id='word_1_98' title='bbox 897 1096 968 1121; x_wconf 91' lang='lat' dir='ltr'><em>um</em></span> <span class='ocrx_word' id='word_1_99' title='bbox 1006 1082 1296 1128; x_wconf 75' lang='lat' dir='ltr'><em>Atarantes,</em></span> <span class='ocrx_word' id='word_1_100' title='bbox 1327 1083 1469 1122; x_wconf 89' lang='lat' dir='ltr'><em>solem</em></span> <span class='ocrx_word' id='word_1_101' title='bbox 1504 1092 1626 1123; x_wconf 84' lang='lat' dir='ltr'><em>exse-</em></span> 
     </span>
     <span class='ocr_line' id='line_1_16' title="bbox 317 1136 1626 1190; baseline 0 -14"><span class='ocrx_word' id='word_1_102' title='bbox 317 1144 509 1184; x_wconf 76' lang='lat' dir='ltr'><em>orantes,</em></span> <span class='ocrx_word' id='word_1_103' title='bbox 543 1144 586 1177; x_wconf 84' lang='lat' dir='ltr'><em>et</em></span> <span class='ocrx_word' id='word_1_104' title='bbox 614 1136 874 1177; x_wconf 89' lang='lat' dir='ltr'><em>nominibus</em></span> <span class='ocrx_word' id='word_1_105' title='bbox 902 1136 1139 1176; x_wconf 90' lang='lat' dir='ltr'><em>hominum</em></span> <span class='ocrx_word' id='word_1_106' title='bbox 1166 1136 1357 1190; x_wconf 87' lang='lat' dir='ltr'><em>propriis</em></span> <span class='ocrx_word' id='word_1_107' title='bbox 1381 1151 1474 1177; x_wconf 91' lang='lat' dir='ltr'><em>non</em></span> <span class='ocrx_word' id='word_1_108' title='bbox 1497 1144 1626 1177; x_wconf 72' lang='lat' dir='ltr'><em>uten—</em></span> 
     </span>
     <span class='ocr_line' id='line_1_17' title="bbox 315 1190 1626 1245; baseline 0.001 -13"><span class='ocrx_word' id='word_1_109' title='bbox 315 1197 393 1232; x_wconf 82' lang='lat' dir='ltr'><em>tes.</em></span> <span class='ocrx_word' id='word_1_110' title='bbox 424 1193 533 1232; x_wconf 82' lang='lat' dir='ltr'><em>Post</em></span> <span class='ocrx_word' id='word_1_111' title='bbox 553 1192 664 1232; x_wconf 91' lang='lat' dir='ltr'><em>alios</em></span> <span class='ocrx_word' id='word_1_112' title='bbox 684 1194 835 1232; x_wconf 89' lang='lat' dir='ltr'><em>decem</em></span> <span class='ocrx_word' id='word_1_113' title='bbox 858 1191 950 1231; x_wconf 90' lang='lat' dir='ltr'><em>dies</em></span> <span class='ocrx_word' id='word_1_114' title='bbox 970 1190 1214 1239; x_wconf 74' lang='lat' dir='ltr'><em>Atlantes,</em></span> <span class='ocrx_word' id='word_1_115' title='bbox 1234 1192 1311 1231; x_wconf 87' lang='lat' dir='ltr'><em>ubi</em></span> <span class='ocrx_word' id='word_1_116' title='bbox 1329 1206 1457 1232; x_wconf 89' lang='lat' dir='ltr'><em>mons</em></span> <span class='ocrx_word' id='word_1_117' title='bbox 1470 1192 1626 1245; x_wconf 85' lang='lat' dir='ltr'><em>Atlas,</em></span> 
     </span>
     <span class='ocr_line' id='line_1_18' title="bbox 317 1246 1627 1300; baseline 0.001 -13"><span class='ocrx_word' id='word_1_118' title='bbox 317 1247 433 1288; x_wconf 84' lang='lat' dir='ltr'><em>coeli</em></span> <span class='ocrx_word' id='word_1_119' title='bbox 455 1247 662 1288; x_wconf 87' lang='lat' dir='ltr'><em>fulcrum.</em></span> <span class='ocrx_word' id='word_1_120' title='bbox 696 1246 850 1300; x_wconf 68' lang='lat'>(184.)</span> <span class='ocrx_word' id='word_1_121' title='bbox 889 1248 1055 1287; x_wconf 83' lang='lat' dir='ltr'><em>Omnes</em></span> <span class='ocrx_word' id='word_1_122' title='bbox 1077 1246 1149 1286; x_wconf 82' lang='lat' dir='ltr'><em>isti</em></span> <span class='ocrx_word' id='word_1_123' title='bbox 1177 1247 1337 1300; x_wconf 88' lang='lat' dir='ltr'><em>populi</em></span> <span class='ocrx_word' id='word_1_124' title='bbox 1366 1248 1627 1294; x_wconf 84' lang='lat' dir='ltr'><em>Nomades,</em></span> 
     </span>
     <span class='ocr_line' id='line_1_19' title="bbox 317 1304 1628 1348; baseline -0.001 -5"><span class='ocrx_word' id='word_1_125' title='bbox 317 1316 447 1343; x_wconf 89' lang='lat' dir='ltr'><em>carne</em></span> <span class='ocrx_word' id='word_1_126' title='bbox 468 1310 509 1342; x_wconf 90' lang='lat' dir='ltr'><em>et</em></span> <span class='ocrx_word' id='word_1_127' title='bbox 529 1304 640 1343; x_wconf 86' lang='lat' dir='ltr'><em>lacte</em></span> <span class='ocrx_word' id='word_1_128' title='bbox 662 1309 905 1348; x_wconf 82' lang='lat' dir='ltr'><em>vescentes,</em></span> <span class='ocrx_word' id='word_1_129' title='bbox 925 1316 998 1343; x_wconf 87' lang='lat' dir='ltr'><em>esu</em></span> <span class='ocrx_word' id='word_1_130' title='bbox 1023 1309 1170 1342; x_wconf 88' lang='lat' dir='ltr'><em>tamen</em></span> <span class='ocrx_word' id='word_1_131' title='bbox 1188 1316 1419 1343; x_wconf 82' lang='lat' dir='ltr'><strong>vaccarum</strong></span> <span class='ocrx_word' id='word_1_132' title='bbox 1437 1309 1480 1343; x_wconf 85' lang='lat' dir='ltr'><em>et</em></span> <span class='ocrx_word' id='word_1_133' title='bbox 1496 1317 1628 1343; x_wconf 87' lang='lat' dir='ltr'><em>suum</em></span> 
     </span>
     <span class='ocr_line' id='line_1_20' title="bbox 316 1356 1628 1411; baseline 0 -13"><span class='ocrx_word' id='word_1_134' title='bbox 316 1360 598 1399; x_wconf 73' lang='lat' dir='ltr'><em>abstinentes.</em></span> <span class='ocrx_word' id='word_1_135' title='bbox 622 1363 637 1406; x_wconf 65' lang='grc' dir='ltr'>ζ</span> <span class='ocrx_word' id='word_1_136' title='bbox 658 1356 776 1410; x_wconf 84' lang='grc'><strong>186.)</strong></span> <span class='ocrx_word' id='word_1_137' title='bbox 807 1358 951 1398; x_wconf 89' lang='lat' dir='ltr'><em>Iidem</em></span> <span class='ocrx_word' id='word_1_138' title='bbox 975 1357 1208 1411; x_wconf 81' lang='lat' dir='ltr'><em>longaevi3</em></span> <span class='ocrx_word' id='word_1_139' title='bbox 1236 1357 1386 1410; x_wconf 84' lang='lat' dir='ltr'><em>pueris</em></span> <span class='ocrx_word' id='word_1_140' title='bbox 1403 1371 1537 1398; x_wconf 86' lang='lat' dir='ltr'><em>venas</em></span> <span class='ocrx_word' id='word_1_141' title='bbox 1558 1371 1628 1398; x_wconf 84' lang='lat' dir='ltr'><em>ca-</em></span> 
     </span>
     <span class='ocr_line' id='line_1_21' title="bbox 316 1413 1626 1467; baseline 0.001 -15"><span class='ocrx_word' id='word_1_142' title='bbox 316 1413 421 1467; x_wconf 88' lang='lat' dir='ltr'><em>pitis</em></span> <span class='ocrx_word' id='word_1_143' title='bbox 456 1421 604 1454; x_wconf 87' lang='lat' dir='ltr'><em>urunt.</em></span> <span class='ocrx_word' id='word_1_144' title='bbox 636 1414 790 1464; x_wconf 87' lang='lat'>(187.)</span> <span class='ocrx_word' id='word_1_145' title='bbox 839 1414 993 1454; x_wconf 83' lang='lat' dir='ltr'><em>Solem</em></span> <span class='ocrx_word' id='word_1_146' title='bbox 1027 1420 1070 1451; x_wconf 89' lang='lat' dir='ltr'><em>et</em></span> <span class='ocrx_word' id='word_1_147' title='bbox 1101 1414 1262 1452; x_wconf 85' lang='lat' dir='ltr'><em>lunam</em></span> <span class='ocrx_word' id='word_1_148' title='bbox 1306 1414 1412 1454; x_wconf 90' lang='lat' dir='ltr'><em>deos</em></span> <span class='ocrx_word' id='word_1_149' title='bbox 1451 1414 1626 1463; x_wconf 89' lang='lat' dir='ltr'><em>colunt;</em></span> 
     </span>
     <span class='ocr_line' id='line_1_22' title="bbox 318 1465 1629 1521; baseline -0.001 -12"><span class='ocrx_word' id='word_1_150' title='bbox 318 1468 733 1509; x_wconf 85' lang='lat' dir='ltr'><em>circaTridonidem</em></span> <span class='ocrx_word' id='word_1_151' title='bbox 755 1470 901 1509; x_wconf 91' lang='lat' dir='ltr'><em>lacum</em></span> <span class='ocrx_word' id='word_1_152' title='bbox 919 1469 1051 1508; x_wconf 86' lang='lat' dir='ltr'><em>etiam</em></span> <span class='ocrx_word' id='word_1_153' title='bbox 1072 1465 1335 1513; x_wconf 86' lang='lat' dir='ltr'><em>Tritonem,</em></span> <span class='ocrx_word' id='word_1_154' title='bbox 1352 1469 1629 1521; x_wconf 84' lang='lat' dir='ltr'><em>Neptunum</em></span> 
     </span>
     <span class='ocr_line' id='line_1_23' title="bbox 317 1520 1635 1578; baseline -0.001 -14"><span class='ocrx_word' id='word_1_155' title='bbox 317 1531 360 1564; x_wconf 90' lang='lat' dir='ltr'><em>et</em></span> <span class='ocrx_word' id='word_1_156' title='bbox 389 1522 678 1570; x_wconf 72' lang='lat' dir='ltr'><em>Minervam;</em></span> <span class='ocrx_word' id='word_1_157' title='bbox 711 1523 835 1564; x_wconf 92' lang='lat' dir='ltr'><em>cuius</em></span> <span class='ocrx_word' id='word_1_158' title='bbox 862 1526 969 1564; x_wconf 90' lang='lat' dir='ltr'><em>deae</em></span> <span class='ocrx_word' id='word_1_159' title='bbox 995 1523 1121 1578; x_wconf 86' lang='lat' dir='ltr'><em>signa</em></span> <span class='ocrx_word' id='word_1_160' title='bbox 1148 1523 1379 1563; x_wconf 84' lang='lat' dir='ltr'><em>imitantur</em></span> <span class='ocrx_word' id='word_1_161' title='bbox 1402 1520 1635 1576; x_wconf 58' lang='lat' dir='ltr'><em>Palladia,</em></span> 
     </span>
     <span class='ocr_line' id='line_1_24' title="bbox 318 1578 1628 1632; baseline -0.001 -13"><span class='ocrx_word' id='word_1_162' title='bbox 318 1581 604 1620; x_wconf 84' lang='lat' dir='ltr'><em>Graecorum.</em></span> <span class='ocrx_word' id='word_1_163' title='bbox 637 1581 756 1625; x_wconf 90' lang='grc'><strong>(188.</strong></span> <span class='ocrx_word' id='word_1_164' title='bbox 785 1583 901 1631; x_wconf 90' lang='grc'><strong>189.)</strong></span> <span class='ocrx_word' id='word_1_165' title='bbox 939 1580 1150 1619; x_wconf 87' lang='lat' dir='ltr'><em>Sedentes</em></span> <span class='ocrx_word' id='word_1_166' title='bbox 1179 1586 1380 1619; x_wconf 76' lang='lat' dir='ltr'><em>mortuos</em></span> <span class='ocrx_word' id='word_1_167' title='bbox 1404 1578 1628 1632; x_wconf 82' lang='lat' dir='ltr'><em>sepeliunt</em></span> 
     </span>
     <span class='ocr_line' id='line_1_25' title="bbox 317 1633 1629 1684; baseline 0 -10"><span class='ocrx_word' id='word_1_168' title='bbox 317 1637 602 1676; x_wconf 84' lang='lat' dir='ltr'><em>Nasamones.</em></span> <span class='ocrx_word' id='word_1_169' title='bbox 627 1635 775 1684; x_wconf 52' lang='lat'>(190.)</span> <span class='ocrx_word' id='word_1_170' title='bbox 818 1635 897 1674; x_wconf 86' lang='lat' dir='ltr'><em>Ab</em></span> <span class='ocrx_word' id='word_1_171' title='bbox 933 1648 1088 1674; x_wconf 89' lang='lat' dir='ltr'><em>occasu</em></span> <span class='ocrx_word' id='word_1_172' title='bbox 1127 1633 1325 1674; x_wconf 88' lang='lat' dir='ltr'><em>Tritonis</em></span> <span class='ocrx_word' id='word_1_173' title='bbox 1356 1635 1398 1673; x_wconf 86' lang='lat' dir='ltr'><em>fl.</em></span> <span class='ocrx_word' id='word_1_174' title='bbox 1427 1633 1629 1674; x_wconf 79' lang='lat' dir='ltr'><em>habitant</em></span> 
     </span>
     <span class='ocr_line' id='line_1_26' title="bbox 317 1687 1630 1747; baseline -0.001 -16"><span class='ocrx_word' id='word_1_175' title='bbox 317 1691 517 1747; x_wconf 75' lang='lat' dir='ltr'><em>Maaeyes</em></span> <span class='ocrx_word' id='word_1_176' title='bbox 560 1696 602 1730; x_wconf 86' lang='lat' dir='ltr'><em>et</em></span> <span class='ocrx_word' id='word_1_177' title='bbox 639 1688 717 1728; x_wconf 86' lang='lat' dir='ltr'><em>alii</em></span> <span class='ocrx_word' id='word_1_178' title='bbox 754 1687 994 1747; x_wconf 82' lang='lat' dir='ltr'><em>agricolae</em></span> <span class='ocrx_word' id='word_1_179' title='bbox 1038 1687 1234 1746; x_wconf 75' lang='lat' dir='ltr'><em>Libyes-,-</em></span> <span class='ocrx_word' id='word_1_180' title='bbox 1277 1702 1468 1741; x_wconf 89' lang='lat' dir='ltr'><em>quorum</em></span> <span class='ocrx_word' id='word_1_181' title='bbox 1510 1696 1630 1730; x_wconf 80' lang='lat' dir='ltr'><em>terra</em></span> 
     </span>
     <span class='ocr_line' id='line_1_27' title="bbox 317 1741 1630 1802; baseline 0 -17"><span class='ocrx_word' id='word_1_182' title='bbox 317 1755 553 1794; x_wconf 78' lang='lat' dir='ltr'><em>montana,</em></span> <span class='ocrx_word' id='word_1_183' title='bbox 581 1746 767 1798; x_wconf 80' lang='lat' dir='ltr'><em>silvosa,</em></span> <span class='ocrx_word' id='word_1_184' title='bbox 809 1753 851 1785; x_wconf 89' lang='lat' dir='ltr'><em>et</em></span> <span class='ocrx_word' id='word_1_185' title='bbox 860 1742 991 1802; x_wconf 68' lang='lat' dir='ltr'><em>fieris</em></span> <span class='ocrx_word' id='word_1_186' title='bbox 1024 1744 1256 1796; x_wconf 84' lang='lat' dir='ltr'><em>frequens,</em></span> <span class='ocrx_word' id='word_1_187' title='bbox 1293 1743 1454 1798; x_wconf 89' lang='lat' dir='ltr'><em>partim</em></span> <span class='ocrx_word' id='word_1_188' title='bbox 1482 1741 1630 1791; x_wconf 83' lang='lat' dir='ltr'><em>veris,</em></span> 
     </span>
     <span class='ocr_line' id='line_1_28' title="bbox 317 1796 1630 1859; baseline 0 -19"><span class='ocrx_word' id='word_1_189' title='bbox 317 1796 750 1859; x_wconf 83' lang='lat' dir='ltr'><em>partimfabulosis.</em></span> <span class='ocrx_word' id='word_1_190' title='bbox 779 1802 928 1852; x_wconf 86' lang='lat'><strong>(191.)</strong></span> <span class='ocrx_word' id='word_1_191' title='bbox 970 1799 1068 1839; x_wconf 93' lang='lat' dir='ltr'><em>Alia</em></span> <span class='ocrx_word' id='word_1_192' title='bbox 1092 1799 1330 1840; x_wconf 82' lang='lat' dir='ltr'><em>bestiarum</em></span> <span class='ocrx_word' id='word_1_193' title='bbox 1354 1813 1520 1854; x_wconf 87' lang='lat' dir='ltr'><em>genera</em></span> <span class='ocrx_word' id='word_1_194' title='bbox 1549 1799 1630 1840; x_wconf 86' lang='lat' dir='ltr'><em>alit</em></span> 
     </span>
     <span class='ocr_line' id='line_1_29' title="bbox 319 1855 1630 1909; baseline 0 -13"><span class='ocrx_word' id='word_1_195' title='bbox 319 1858 571 1897; x_wconf 90' lang='lat' dir='ltr'><strong>Nomadum</strong></span> <span class='ocrx_word' id='word_1_196' title='bbox 596 1862 771 1896; x_wconf 86' lang='lat' dir='ltr'><em>tractus.</em></span> <span class='ocrx_word' id='word_1_197' title='bbox 798 1855 957 1907; x_wconf 83' lang='lat'>(192.)</span> <span class='ocrx_word' id='word_1_198' title='bbox 999 1856 1101 1909; x_wconf 85' lang='lat' dir='ltr'><em>Post</em></span> <span class='ocrx_word' id='word_1_199' title='bbox 1130 1857 1316 1907; x_wconf 82' lang='lat' dir='ltr'><em>Ma-xyes</em></span> <span class='ocrx_word' id='word_1_200' title='bbox 1345 1861 1448 1895; x_wconf 85' lang='lat' dir='ltr'><em>sunt</em></span> <span class='ocrx_word' id='word_1_201' title='bbox 1470 1856 1630 1896; x_wconf 85' lang='lat' dir='ltr'><em>Zaue-</em></span> 
     </span>
     <span class='ocr_line' id='line_1_30' title="bbox 319 1909 1630 1968; baseline 0.001 -16"><span class='ocrx_word' id='word_1_202' title='bbox 319 1925 413 1957; x_wconf 69' lang='grc' dir='ltr'><em>σεε,</em></span> <span class='ocrx_word' id='word_1_203' title='bbox 436 1911 455 1961; x_wconf 94' lang='grc'><strong>(</strong></span> <span class='ocrx_word' id='word_1_204' title='bbox 473 1913 588 1964; x_wconf 83' lang='lat'><strong>193.)</strong></span> <span class='ocrx_word' id='word_1_205' title='bbox 619 1911 780 1951; x_wconf 88' lang='lat' dir='ltr'><em>deinde</em></span> <span class='ocrx_word' id='word_1_206' title='bbox 799 1912 1053 1968; x_wconf 76' lang='lat' dir='ltr'><em>Gyzantes,</em></span> <span class='ocrx_word' id='word_1_207' title='bbox 1073 1924 1265 1961; x_wconf 89' lang='lat' dir='ltr'><em>quorum</em></span> <span class='ocrx_word' id='word_1_208' title='bbox 1287 1910 1335 1950; x_wconf 91' lang='lat' dir='ltr'><em>in</em></span> <span class='ocrx_word' id='word_1_209' title='bbox 1357 1909 1519 1951; x_wconf 84' lang='lat' dir='ltr'><em>finibus</em></span> <span class='ocrx_word' id='word_1_210' title='bbox 1540 1910 1630 1967; x_wconf 82' lang='lat' dir='ltr'><em>Cy-</em></span> 
     </span>
     <span class='ocr_line' id='line_1_31' title="bbox 319 1965 1630 2018; baseline -0.001 -12"><span class='ocrx_word' id='word_1_211' title='bbox 319 1965 487 2007; x_wconf 84' lang='lat' dir='ltr'><em>raunis</em></span> <span class='ocrx_word' id='word_1_212' title='bbox 507 1967 651 2007; x_wconf 87' lang='lat' dir='ltr'><em>insula</em></span> <span class='ocrx_word' id='word_1_213' title='bbox 679 1981 778 2006; x_wconf 91' lang='lat' dir='ltr'><em>cum</em></span> <span class='ocrx_word' id='word_1_214' title='bbox 800 1968 918 2015; x_wconf 88' lang='lat' dir='ltr'><em>lacu,</em></span> <span class='ocrx_word' id='word_1_215' title='bbox 937 1979 960 2004; x_wconf 91' lang='lat' dir='ltr'><em>e</em></span> <span class='ocrx_word' id='word_1_216' title='bbox 976 1979 1065 2017; x_wconf 90' lang='lat' dir='ltr'><em>quo</em></span> <span class='ocrx_word' id='word_1_217' title='bbox 1080 1965 1176 2005; x_wconf 87' lang='lat' dir='ltr'><em>auri</em></span> <span class='ocrx_word' id='word_1_218' title='bbox 1194 1971 1389 2013; x_wconf 79' lang='lat' dir='ltr'><em>ramenta</em></span> <span class='ocrx_word' id='word_1_219' title='bbox 1403 1965 1630 2018; x_wconf 84' lang='lat' dir='ltr'><em>piscantur</em></span> 
     </span>
     <span class='ocr_line' id='line_1_32' title="bbox 318 2016 1627 2079; baseline 0.001 -18"><span class='ocrx_word' id='word_1_220' title='bbox 318 2022 539 2076; x_wconf 83' lang='lat' dir='ltr'><em>virgines,</em></span> <span class='ocrx_word' id='word_1_221' title='bbox 564 2016 677 2063; x_wconf 86' lang='lat' dir='ltr'><em>sicut</em></span> <span class='ocrx_word' id='word_1_222' title='bbox 701 2018 948 2079; x_wconf 82' lang='lat' dir='ltr'><em>Zacynthi</em></span> <span class='ocrx_word' id='word_1_223' title='bbox 972 2034 996 2060; x_wconf 88' lang='lat' dir='ltr'><em>e</em></span> <span class='ocrx_word' id='word_1_224' title='bbox 1017 2022 1114 2061; x_wconf 87' lang='lat' dir='ltr'><em>lacu</em></span> <span class='ocrx_word' id='word_1_225' title='bbox 1148 2020 1224 2073; x_wconf 79' lang='lat' dir='ltr'><em>pix</em></span> <span class='ocrx_word' id='word_1_226' title='bbox 1244 2020 1485 2075; x_wconf 78' lang='lat' dir='ltr'><em>colligitur.</em></span> <span class='ocrx_word' id='word_1_227' title='bbox 1504 2023 1627 2076; x_wconf 75' lang='lat'>(194.</span> 
     </span>
     <span class='ocr_line' id='line_1_33' title="bbox 322 2075 1629 2130; baseline -0.001 -13"><span class='ocrx_word' id='word_1_228' title='bbox 322 2076 444 2130; x_wconf 87' lang='grc'><strong>195.)</strong></span> <span class='ocrx_word' id='word_1_229' title='bbox 486 2080 539 2116; x_wconf 87' lang='lat' dir='ltr'><em>In</em></span> <span class='ocrx_word' id='word_1_230' title='bbox 566 2078 737 2129; x_wconf 86' lang='lat' dir='ltr'><em>Libyae</em></span> <span class='ocrx_word' id='word_1_231' title='bbox 769 2090 845 2116; x_wconf 86' lang='lat' dir='ltr'><em>ora</em></span> <span class='ocrx_word' id='word_1_232' title='bbox 872 2075 1139 2116; x_wconf 86' lang='lat' dir='ltr'><em>occidentali</em></span> <span class='ocrx_word' id='word_1_233' title='bbox 1173 2083 1235 2115; x_wconf 88' lang='lat' dir='ltr'><em>est</em></span> <span class='ocrx_word' id='word_1_234' title='bbox 1256 2078 1474 2129; x_wconf 83' lang='lat' dir='ltr'><em>populus,</em></span> <span class='ocrx_word' id='word_1_235' title='bbox 1507 2077 1629 2129; x_wconf 89' lang='lat' dir='ltr'><em>apud</em></span> 
     </span>
     <span class='ocr_line' id='line_1_34' title="bbox 321 2130 1631 2187; baseline -0.002 -15"><span class='ocrx_word' id='word_1_236' title='bbox 321 2147 455 2185; x_wconf 89' lang='lat' dir='ltr'><em>quem</em></span> <span class='ocrx_word' id='word_1_237' title='bbox 479 2130 894 2187; x_wconf 80' lang='lat' dir='ltr'><em>Carthaginienses</em></span> <span class='ocrx_word' id='word_1_238' title='bbox 918 2130 1038 2170; x_wconf 85' lang='lat' dir='ltr'><em>taciti</em></span> <span class='ocrx_word' id='word_1_239' title='bbox 1064 2145 1234 2171; x_wconf 82' lang='lat' dir='ltr'><em>merces</em></span> <span class='ocrx_word' id='word_1_240' title='bbox 1256 2145 1354 2172; x_wconf 90' lang='lat' dir='ltr'><em>suas</em></span> <span class='ocrx_word' id='word_1_241' title='bbox 1382 2145 1503 2172; x_wconf 85' lang='lat' dir='ltr'><em>auro</em></span> <span class='ocrx_word' id='word_1_242' title='bbox 1528 2145 1631 2184; x_wconf 88' lang='lat' dir='ltr'><em>per-</em></span> 
     </span>
     <span class='ocr_line' id='line_1_35' title="bbox 319 2183 1631 2241; baseline -0.001 -14"><span class='ocrx_word' id='word_1_243' title='bbox 319 2195 505 2228; x_wconf 87' lang='lat' dir='ltr'><em>mutant.</em></span> <span class='ocrx_word' id='word_1_244' title='bbox 528 2186 684 2240; x_wconf 89' lang='grc'><strong>(196.)</strong></span> <span class='ocrx_word' id='word_1_245' title='bbox 714 2189 766 2226; x_wconf 89' lang='grc'><em>111</em></span> <span class='ocrx_word' id='word_1_246' title='bbox 787 2186 936 2226; x_wconf 86' lang='lat' dir='ltr'><em>Africa</em></span> <span class='ocrx_word' id='word_1_247' title='bbox 961 2187 1077 2225; x_wconf 82' lang='lat' dir='ltr'><em>duae</em></span> <span class='ocrx_word' id='word_1_248' title='bbox 1096 2194 1247 2240; x_wconf 82' lang='lat' dir='ltr'><em>gentes</em></span> <span class='ocrx_word' id='word_1_249' title='bbox 1271 2186 1531 2241; x_wconf 83' lang='lat' dir='ltr'><em>indigenae,</em></span> <span class='ocrx_word' id='word_1_250' title='bbox 1550 2183 1631 2227; x_wconf 79' lang='lat' dir='ltr'><em>Li-</em></span> 
     </span>
     <span class='ocr_line' id='line_1_36' title="bbox 321 2239 1632 2299; baseline -0.001 -16"><span class='ocrx_word' id='word_1_251' title='bbox 321 2243 426 2299; x_wconf 84' lang='lat' dir='ltr'><em>byes</em></span> <span class='ocrx_word' id='word_1_252' title='bbox 467 2250 509 2283; x_wconf 88' lang='lat' dir='ltr'><em>et</em></span> <span class='ocrx_word' id='word_1_253' title='bbox 546 2240 827 2294; x_wconf 85' lang='lat' dir='ltr'><em>Aethiopes,·</em></span> <span class='ocrx_word' id='word_1_254' title='bbox 871 2243 983 2281; x_wconf 90' lang='lat' dir='ltr'><em>duae</em></span> <span class='ocrx_word' id='word_1_255' title='bbox 1021 2243 1245 2293; x_wconf 86' lang='lat' dir='ltr'><em>advenae,</em></span> <span class='ocrx_word' id='word_1_256' title='bbox 1289 2239 1548 2283; x_wconf 81' lang='lat' dir='ltr'><em>Phoenices</em></span> <span class='ocrx_word' id='word_1_257' title='bbox 1587 2249 1632 2282; x_wconf 84' lang='lat' dir='ltr'><em>et</em></span> 
     </span>
     <span class='ocr_line' id='line_1_37' title="bbox 322 2296 1631 2352; baseline -0.002 -12"><span class='ocrx_word' id='word_1_258' title='bbox 322 2296 503 2341; x_wconf 84' lang='lat' dir='ltr'><em>Graeci.</em></span> <span class='ocrx_word' id='word_1_259' title='bbox 529 2296 684 2352; x_wconf 81' lang='lat'><strong>(¹97·)</strong></span> <span class='ocrx_word' id='word_1_260' title='bbox 712 2297 882 2350; x_wconf 84' lang='lat' dir='ltr'><em>Libyae</em></span> <span class='ocrx_word' id='word_1_261' title='bbox 904 2298 1051 2337; x_wconf 89' lang='lat' dir='ltr'><em>solum</em></span> <span class='ocrx_word' id='word_1_262' title='bbox 1072 2296 1220 2336; x_wconf 89' lang='lat' dir='ltr'><em>minus</em></span> <span class='ocrx_word' id='word_1_263' title='bbox 1235 2299 1428 2348; x_wconf 87' lang='lat' dir='ltr'><em>bonum,</em></span> <span class='ocrx_word' id='word_1_264' title='bbox 1449 2303 1631 2350; x_wconf 75' lang='lat' dir='ltr'><em>excepta</em></span> 
     </span>
     <span class='ocr_line' id='line_1_38' title="bbox 322 2349 1637 2411; baseline -0.002 -16"><span class='ocrx_word' id='word_1_265' title='bbox 322 2353 530 2411; x_wconf 83' lang='lat' dir='ltr'><em>Cinype,</em></span> <span class='ocrx_word' id='word_1_266' title='bbox 553 2353 678 2393; x_wconf 87' lang='lat' dir='ltr'><em>cuius</em></span> <span class='ocrx_word' id='word_1_267' title='bbox 701 2352 811 2392; x_wconf 85' lang='lat' dir='ltr'><em>mira</em></span> <span class='ocrx_word' id='word_1_268' title='bbox 835 2352 1055 2398; x_wconf 82' lang='lat' dir='ltr'><em>fertilitas,</em></span> <span class='ocrx_word' id='word_1_269' title='bbox 1081 2359 1123 2391; x_wconf 88' lang='lat' dir='ltr'><em>et</em></span> <span class='ocrx_word' id='word_1_270' title='bbox 1142 2349 1532 2405; x_wconf 83' lang='lat' dir='ltr'><em>Euesperitarum</em></span> <span class='ocrx_word' id='word_1_271' title='bbox 1562 2367 1637 2393; x_wconf 79' lang='lat' dir='ltr'><em>re-</em></span> 
     </span>
     <span class='ocr_line' id='line_1_39' title="bbox 321 2406 1631 2468; baseline -0.002 -18"><span class='ocrx_word' id='word_1_272' title='bbox 321 2411 470 2468; x_wconf 82' lang='lat' dir='ltr'><em>gione.</em></span> <span class='ocrx_word' id='word_1_273' title='bbox 498 2407 621 2462; x_wconf 88' lang='grc'><strong>(198.</strong></span> <span class='ocrx_word' id='word_1_274' title='bbox 651 2408 707 2448; x_wconf 90' lang='lat' dir='ltr'><em>cf.</em></span> <span class='ocrx_word' id='word_1_275' title='bbox 731 2422 768 2447; x_wconf 87' lang='lat' dir='ltr'><em>c.</em></span> <span class='ocrx_word' id='word_1_276' title='bbox 794 2407 906 2460; x_wconf 82' lang='grc'><strong>171.)</strong></span> <span class='ocrx_word' id='word_1_277' title='bbox 949 2409 1001 2446; x_wconf 85' lang='grc'><em>111</em></span> <span class='ocrx_word' id='word_1_278' title='bbox 1031 2406 1297 2464; x_wconf 81' lang='lat' dir='ltr'><em>Cyrenaica</em></span> <span class='ocrx_word' id='word_1_279' title='bbox 1324 2408 1485 2460; x_wconf 83' lang='lat' dir='ltr'><em>triplex</em></span> <span class='ocrx_word' id='word_1_280' title='bbox 1521 2415 1631 2449; x_wconf 88' lang='lat' dir='ltr'><em>tem-</em></span> 
     </span>
     <span class='ocr_line' id='line_1_40' title="bbox 322 2463 1521 2521; baseline -0.003 -15"><span class='ocrx_word' id='word_1_281' title='bbox 322 2480 406 2521; x_wconf 88' lang='lat' dir='ltr'><em>pus</em></span> <span class='ocrx_word' id='word_1_282' title='bbox 432 2463 581 2504; x_wconf 87' lang='lat' dir='ltr'><em>messis</em></span> <span class='ocrx_word' id='word_1_283' title='bbox 604 2470 645 2503; x_wconf 91' lang='lat' dir='ltr'><em>et</em></span> <span class='ocrx_word' id='word_1_284' title='bbox 671 2463 889 2503; x_wconf 85' lang='lat' dir='ltr'><em>autumni.</em></span> <span class='ocrx_word' id='word_1_285' title='bbox 914 2463 1068 2517; x_wconf 66' lang='lat'>(199.)</span> <span class='ocrx_word' id='word_1_286' title='bbox 1516 2486 1521 2492; x_wconf 92' lang='lat'>-</span> 
     </span>
     <span class='ocr_line' id='line_1_41' title="bbox 377 2516 1630 2572; baseline -0.004 -11"><span class='ocrx_word' id='word_1_287' title='bbox 377 2523 598 2561; x_wconf 86' lang='lat' dir='ltr'><em>Barcen</em></span> <span class='ocrx_word' id='word_1_288' title='bbox 618 2517 702 2571; x_wconf 84' lang='lat' dir='ltr'><em>(cf.</em></span> <span class='ocrx_word' id='word_1_289' title='bbox 721 2532 757 2558; x_wconf 88' lang='lat' dir='ltr'><em>c.</em></span> <span class='ocrx_word' id='word_1_290' title='bbox 780 2521 853 2568; x_wconf 67' lang='lat'><em>164</em></span> <span class='ocrx_word' id='word_1_291' title='bbox 868 2544 887 2549; x_wconf 96' lang='lat'><em>-</em></span> <span class='ocrx_word' id='word_1_292' title='bbox 904 2516 1023 2570; x_wconf 75' lang='lat'>166.)</span> <span class='ocrx_word' id='word_1_293' title='bbox 1044 2517 1200 2558; x_wconf 78' lang='lat' dir='ltr'><em>frustra</em></span> <span class='ocrx_word' id='word_1_294' title='bbox 1219 2523 1481 2572; x_wconf 82' lang='lat' dir='ltr'><em>oppugnant</em></span> <span class='ocrx_word' id='word_1_295' title='bbox 1500 2519 1630 2559; x_wconf 83' lang='lat' dir='ltr'><em>Per-</em></span> 
     </span>
     <span class='ocr_line' id='line_1_42' title="bbox 323 2571 1629 2633; baseline -0.004 -15"><span class='ocrx_word' id='word_1_296' title='bbox 323 2591 440 2624; x_wconf 88' lang='lat' dir='ltr'><em>sae,</em></span> <span class='ocrx_word' id='word_1_297' title='bbox 475 2588 668 2627; x_wconf 89' lang='lat' dir='ltr'><em>quorum</em></span> <span class='ocrx_word' id='word_1_298' title='bbox 707 2571 953 2615; x_wconf 82' lang='lat' dir='ltr'><em>cuniculos</em></span> <span class='ocrx_word' id='word_1_299' title='bbox 990 2575 1190 2626; x_wconf 82' lang='lat' dir='ltr'><em>explorat</em></span> <span class='ocrx_word' id='word_1_300' title='bbox 1218 2573 1365 2633; x_wconf 88' lang='lat' dir='ltr'><em>faber</em></span> <span class='ocrx_word' id='word_1_301' title='bbox 1399 2571 1629 2614; x_wconf 86' lang='lat' dir='ltr'><em>aerarius.</em></span> 
     </span>
    </p>
   </div>
   <div class='ocr_carea' id='block_1_3' title="bbox 1725 0 1801 3047">
    <p class='ocr_par' dir='ltr' id='par_1_3' title="bbox 1725 0 1801 3047">
     <span class='ocr_line' id='line_1_43' title="bbox 1725 0 1801 3047; baseline 0 0"><span class='ocrx_word' id='word_1_302' title='bbox 1725 0 1801 3047; x_wconf 95' lang='lat' dir='ltr'><em> </em></span> 
     </span>
    </p>
   </div>
  </div>
 </body>
</html>
