1801 3047
322 244 454 305 544.
551 241 858 294 ARGUM.
894 241 1041 290 ΜΒ.
1080 240 1400 311 QUINTI.

321 354 547 401 bellorum
566 366 784 397 caussam,
806 349 974 393 Alcaei
994 349 1197 399 ῥιψάσπιδες
1217 348 1412 390 carmine
1433 348 1628 389 celebra-

322 415 486 450 torum,
505 408 602 462 (94.
621 410 716 462 95.)

378 463 450 504 Ibi
473 465 580 503 dum
606 459 819 517 Hippias
846 460 1057 502 sollicitat
1078 461 1337 501 Persarum
1366 472 1499 512 opem
1526 459 1628 498 adv.

322 518 634 565 Athenienses,
665 518 790 570 (96-)
830 515 1008 556 interim
1036 513 1349 571 Aristagoras
1373 513 1459 565 (cf.
1476 528 1513 553 c-
1531 513 1630 565 55.)

321 574 534 617 Athenas
558 574 704 626 venit,
734 580 776 612 et
800 585 825 610 a
844 573 1017 624 populo
1038 586 1108 611 xx.
1136 571 1318 610 navium
1342 571 1521 610 classem
1548 567 1631 607 im-

323 635 465 683 petrat
476 659 488 681 ,
510 643 623 680 quae
637 626 979 669 Atheniensibus
997 639 1144 665 caussa
1159 625 1245 666 fuit
1265 626 1500 665 malorum.
1515 623 1628 677 (97.)

324 686 450 725 Idem
473 685 683 726 Paeones
709 683 756 722 in
778 681 1020 737 Phrygiam
1039 682 1251 720 abductos
1272 681 1339 730 (c.
1360 681 1446 730 15.)
1478 687 1526 719 ut
1549 680 1631 718 do-

324 754 450 780 mum
475 741 657 779 redeant
683 735 904 778 sollicitat.
928 736 1053 787 (98.)
1091 735 1232 775 Iones
1256 750 1357 775 cum
1386 734 1630 775 Athenien-

324 795 445 836 sibus
477 795 646 835 Sardes
672 797 848 846 praeter
873 805 1020 831 arcem
1050 790 1252 843 capiunt:
1286 792 1392 830 urbs
1417 789 1629 830 incendio

326 852 511 890 deletur.
551 852 569 900 (
589 863 678 889 100.
714 847 839 899 101.)
891 848 1127 901 Regressos
1170 847 1325 885 Persae
1364 845 1535 898 praelio
1572 845 1631 884 ad

324 907 550 959 Ephesum
587 907 812 956 superant.
849 901 870 950 (
889 903 1010 952 102.)
1057 900 1401 941 Atheniensibus
1442 902 1630 940 domum

325 959 535 1011 reversis,
561 958 726 1010 Iones,
755 956 804 996 in
834 957 954 996 bello
977 962 1327 1008 perseverantes,
1348 953 1631 1008 Hellesponti

326 1017 457 1056 urbes
479 1021 521 1054 et
533 1013 686 1053 Cariae
705 1018 876 1065 partem
895 1011 981 1052 sibi
1003 1010 1268 1064 adiungunt.
1293 1009 1444 1059 (103.)
1487 1010 1636 1050 Etiam

328 1070 543 1127 Cyprus,
558 1070 741 1121 excepta
760 1067 1076 1112 Amathmzte,
1104 1072 1283 1106 auctore
1301 1062 1495 1106 Onesilo
1511 1066 1633 1105 Sala-

327 1125 461 1166 minis
492 1138 595 1180 rege
614 1123 778 1164 defecit
803 1137 829 1163 a
857 1121 1021 1174 Medis,
1051 1127 1093 1161 et
1119 1121 1307 1163 Ionibus
1336 1133 1383 1161 se
1413 1120 1634 1161 adiunxit.

331 1180 485 1232 (104)

382 1232 567 1275 Darius
590 1233 932 1274 Atheniensibus
957 1232 1113 1275 iratus,
1139 1227 1438 1277 Histiaeum‚
1469 1232 1528 1272 ob
1558 1232 1635 1271 de-

328 1290 567 1331 fectionem
599 1289 772 1330 Ionum
804 1289 1110 1342 obiurgatum,
1145 1288 1203 1326 ad
1230 1286 1447 1327 sedandas
1482 1288 1637 1327 turbas

330 1345 524 1386 dimittit.
552 1347 692 1393 (105-
707 1346 824 1396 ¹07·)
1516 1375 1518 1377 ,

383 1402 558 1442 Ionum
583 1399 751 1451 classis,
777 1405 820 1439 et
841 1400 1101 1441 Persarum
1124 1396 1339 1437 exercitus
1358 1397 1572 1449 pedestris
1592 1402 1637 1437 et

329 1456 522 1507 navalis,
543 1454 676 1495 simul
697 1455 909 1512 Cyprum
929 1453 1196 1493 adveniunt:
1218 1451 1390 1505 praelio
1413 1456 1528 1493 terra
1549 1466 1638 1492 ma·

329 1512 460 1563 rique
484 1510 744 1562 commisso,
770 1510 909 1551 Iones
929 1509 1064 1561 mari,
1096 1509 1272 1549 Persae
1295 1508 1410 1547 terra
1435 1507 1636 1549 vincunt.

333 1565 554 1608 Onesilus
579 1567 738 1605 ducem
765 1567 997 1605 Persarum
1013 1592 1023 1610 ‚
1047 1577 1099 1603 ex
1128 1577 1244 1615 equo
1274 1564 1405 1603 docto
1432 1577 1636 1618 pugnan-

332 1629 444 1668 tem,
467 1635 544 1662 sua
568 1634 701 1660 manu
722 1620 910 1660 occidit:
933 1619 1037 1659 dein
1058 1632 1197 1670 quum
1219 1625 1261 1658 et
1285 1618 1379 1671 ipse
1403 1618 1637 1659 occubuis-

332 1685 418 1730 set,
449 1676 645 1730 primum
678 1675 996 1716 contumeliose
1025 1674 1204 1715 habitus
1244 1680 1307 1714 est
1331 1675 1387 1713 ab
1418 1674 1639 1714 Amathu-

331 1732 430 1784 siis,
458 1733 534 1773 sed
558 1739 710 1784 postea
740 1738 789 1772 ut
816 1733 947 1771 heros
974 1731 1129 1769 cultus.
1170 1732 1345 1782 Cyprus
1372 1736 1462 1769 tota
1486 1732 1637 1770 denuo

334 1787 475 1828 Persis
493 1787 704 1828 subiecta.
725 1791 739 1835 (
757 1789 864 1828 108-
881 1787 998 1837 116.)
1023 1787 1253 1825 Persarum
1272 1786 1404 1824 duces
1417 1813 1428 1831 ‚
1448 1784 1526 1824 alii
1545 1785 1638 1825 alio

334 1843 475 1896 missi,
523 1844 653 1882 Ionas
682 1855 928 1893 eorumque
957 1840 1101 1881 socios
1142 1842 1262 1880 bello
1295 1847 1639 1893 persequuntur.

334 1898 489 1948 (117.)
529 1897 674 1939 Cares
702 1898 850 1950 (apud
877 1909 987 1948 quos
1017 1897 1136 1936 solos
1164 1892 1289 1936 Iovis
1316 1893 1492 1936 Stratii
1528 1903 1639 1936 tem-

332 1955 489 2006 plum)
519 1953 681 1993 iterum
705 1966 866 2008 magna
889 1953 1036 2002 clade,
1055 1964 1144 1991 una
1168 1965 1270 1990 cum
1290 1950 1496 2003 Milesiis,
1517 1951 1640 1991 adfe-

335 2008 393 2048 cti
415 2014 538 2059 sunt3
566 2008 690 2062 (119.
715 2009 830 2057 120.)
875 2008 953 2048 sed
981 2005 1083 2046 dein
1104 2008 1360 2056 Persarum,
1387 2005 1436 2045 in
1455 2005 1640 2048 insidias

336 2065 618 2116 delapsorum
634 2095 645 2115 ,
673 2063 899 2118 ingentem
922 2069 1112 2116 stragem
1133 2063 1281 2101 edunt.
1299 2062 1447 2110 (121.)
1486 2063 1641 2102 Helle-

334 2119 505 2172 sponti,
525 2118 678 2158 Ioniae
706 2126 748 2158 et
770 2117 968 2158 Aeolidis
992 2117 1188 2157 civitates
1206 2115 1472 2170 subiguntur
1493 2130 1518 2156 a
1540 2120 1641 2158 Per-

334 2174 407 2216 sis.
429 2174 446 2224 (
462 2185 549 2214 122.
575 2174 688 2223 123.)
717 2171 1051 2230 Aristagoras,
1076 2187 1142 2212 res
1166 2186 1268 2212 suas
1290 2173 1544 2224 desperans,
1570 2187 1639 2213 re·-

336 2230 440 2271 licta
466 2229 643 2280 Mileto,
674 2226 950 2286 Myrcinum
971 2228 1219 2268 Edonidem
1240 2227 1326 2278 (cf.
1346 2240 1381 2265 c.
1404 2241 1466 2265 ιι.
1486 2234 1528 2266 et
1545 2229 1639 2277 22.)

336 2284 471 2339 petit3
500 2285 618 2325 unde
637 2285 758 2324 bello
784 2283 907 2324 illato
938 2282 1223 2331 Thracibus,
1245 2284 1301 2323 ab
1329 2281 1400 2323 his
1429 2281 1641 2323 interfici-

339 2342 579 2391 tur.(12‡-
596 2341 712 2389 126.)
