1760 3052
310 265 396 313 IN
433 261 867 313 HERODOTI
903 262 1050 312 LIB.
1083 263 1154 316 V.
1288 278 1382 313 221

75 377 238 424 Paris.
256 378 316 420 A.
336 380 389 420 B.
423 381 514 419 duo
548 376 672 419 Brit.
707 377 863 419 Valla.
907 377 1043 425 [item
1063 377 1120 416 F.
1152 381 1195 417 et
1220 376 1387 429 reliqui

76 438 170 477 duo
189 433 381 484 Paris]
412 434 535 475 Olim
558 437 595 474 ἐκ
618 437 692 484 σέο,
717 433 845 479 οἵπες,
872 431 980 476 οῗλλκν
1006 432 1049 471 δὲ.
1071 436 1137 463 ’-
1163 431 1235 472 Sic
1263 434 1387 473 solus

76 490 190 533 Ald.
223 504 416 541 eumque
449 495 623 530 secutus
648 488 804 540 steph.
832 494 927 527 tum
959 500 1111 527 rursus
1147 488 1213 528 ed.
1237 487 1386 528 Borh.
1415 514 1420 520 -

74 546 314 598 Perspecte
349 558 455 584 vero
489 547 526 584 ἐκ
556 546 609 584 σέο
640 541 688 582 in
721 542 812 589 ἔξεο
843 541 1032 582 mutavit
1072 540 1252 596 Schaff
1293 555 1386 594 quo

75 608 242 655 spectat
269 601 393 653 quod
413 612 522 648 vmox
544 613 580 638 c.
596 610 663 650 40,
681 612 717 649 7.
745 601 805 643 τῆς
830 600 945 645 ἐξέσιος
968 599 1137 637 habent
1161 597 1268 637 libri
1289 611 1387 638 om-

75 670 167 697 nes.
231 669 293 696 12.
318 653 474 708 οἷὸνὶσεις)
494 653 619 698 &Sia-ecc
635 650 761 693 Brit.
777 651 835 693 A.
856 652 906 695 C.
968 654 997 693 l.
1024 656 1086 693 13.
1115 651 1281 706 τουτέων)
1309 654 1388 695 τού-

75 731 139 753 των
153 713 209 752 F.
267 711 296 750 l.
319 728 330 749 ι
345 716 380 752 5.
405 712 516 760 ἑωυτῷ
535 707 640 748 defit
659 708 805 749 Arch.
825 715 869 748 et
888 708 1072 750 Vallae.
1182 747 1184 749 ,

109 767 282 809 .CAP.
310 765 413 808 XL.
460 761 568 805 Lin-
597 774 636 803 2.
666 765 922 810 βουλευσάμενοι
951 765 1076 805 Med·
1103 764 1241 804 Pass·
1271 762 1388 804 Ask-

75 822 223 864 ΑῙὌῘΙ.
243 818 389 862 Vind.
409 821 488 868 [F.
501 820 589 862 Pa·
606 819 690 860 PC.
709 819 817 868 Pd.]
840 820 1119 864 cvufssovmvmc'ffi.
1138 819 1248 859 Ald.
1266 842 1316 849 —
1341 824 1387 858 et

75 878 164 919 Pb.
220 878 249 916 l.
265 880 304 916 3·
321 880 424 916 τοίνυν
442 876 537 927 τοι)
550 873 721 914 roadefit
734 874 882 914 Arch.
900 898 947 905 --
968 877 1020 914 Et
1034 872 1387 930 abiecitSChaef

75 939 119 973 et
131 932 278 974 Bor-h.
305 933 506 971 Tuentur
523 938 671 970 tamen
693 931 999 970 abundantem
1018 929 1282 983 particulam
1303 932 1387 971 alii

74 988 183 1029 libri
207 994 381 1040 praeter
401 985 547 1027 ΑΙὊῘΙ.
574 999 740 1026 omnes.
800 983 920 1026 Jbid.
942 985 1098 1039 ὁρέομεν)
1119 987 1254 1035 ἕρέωμεν
1272 986 1381 1027 Ald-

75 1066 128 1076 --
151 1049 194 1084 et
214 1044 270 1083 F.
300 1041 501 1082 Correxit
515 1040 671 1094 steph.
741 1041 771 1080 l.
802 1047 839 1083 5.
863 1044 900 1081 οἱ
919 1042 1076 1092 Σπαρτ.)
1100 1042 1234 1079 Abest
1261 1042 1384 1082 artic.

81 1097 231 1141 Vind.
254 1098 389 1139 Pass.
408 1095 534 1138 Brit.
555 1099 609 1135 A.
631 1096 684 1138 C.
711 1118 760 1125 —
790 1103 833 1136 et
855 1097 910 1135 F.
931 1096 1019 1136 Pa.
1078 1096 1107 1135 l.
1135 1110 1173 1146 7.
1196 1098 1386 1148 ἐξέσιος)

76 1155 205 1200 ἐξαίσιος
226 1166 303 1193 ora
320 1152 474 1205 steph.
491 1152 603 1192 Ask.
635 1151 819 1205 Vulgati
845 1158 1058 1203 patronus
1084 1158 1146 1190 est
1163 1152 1387 1193 Eustath.

77 1211 236 1262 odyss·
261 1222 303 1260 p.
332 1210 450 1259 1667,
471 1211 533 1247 32.
557 1230 610 1238 --
639 1221 681 1258 p.
702 1220 795 1256 410,
816 1208 852 1245 6.
878 1214 920 1245 et
939 1220 980 1258 p.
1003 1208 1096 1255 746,
1114 1219 1176 1246 22.
1205 1208 1270 1246 ed.
1291 1210 1381 1250 Bas.

75 1266 192 1310 ἐξέσιος
210 1277 310 1303 cum
336 1262 434 1302 aliis
457 1268 606 1302 tuetur
627 1262 681 1301 F.
709 1262 786 1301 sed
812 1275 946 1314 super
964 1261 1114 1300 medio
1135 1280 1148 1301 ε
1170 1262 1386 1314 seriptum

0 1325 1 1336 ³
76 1337 112 1359 ou
150 1320 243 1358 ead.
279 1331 427 1357 manu.
504 1318 534 1356 l.
565 1330 629 1356 ιι.
668 1317 866 1362 οὐδαμῶς
895 1317 1022 1357 Med.
1055 1317 1202 1356 Arch.
1244 1317 1381 1360 Vind.

75 1374 214 1416 Pass.
244 1372 324 1428 [F.
338 1369 529 1422 Paris.]
562 1371 652 1411 Alii
679 1372 836 1423 οὐδαμοῖ,
867 1371 1093 1424 frequenti
1122 1374 1380 1416 mutatione.

75 1451 132 1461 —·
157 1430 298 1474 οὐδαμοῖ
316 1427 482 1480 recepit
501 1423 680 1482 Schaej]
710 1434 751 1467 et
777 1427 918 1467 tenuit
941 1427 1087 1468 Borlz.

133 1482 282 1526 CAP·
311 1484 442 1525 XLI.
481 1481 591 1524 Lin·
625 1487 660 1523 3ἶ
693 1483 779 1525 αὕτη
801 1482 865 1535 τε)
892 1484 981 1527 αὖτέ
1005 1502 1038 1523 τε
1057 1481 1205 1523 Arell-
1262 1483 1381 1526 Ibid-

75 1539 206 1591 ἕφεδρσν
231 1547 411 1580 tuentur
436 1538 543 1578 libri
575 1552 752 1590 omne3‚
779 1552 918 1589 quum
949 1538 1099 1578 ionica
1128 1538 1274 1580 forma
1306 1542 1387 1581 ἕπε-

74 1592 141 1647 δρον
177 1602 488 1648 exspectasses,
523 1595 905 1645 quemadmodum
935 1594 1083 1644 ἐπέδρην,
1122 1609 1214 1634 non
1243 1595 1383 1646 ἐφέδρην,

76 1649 225 1691 dicere
237 1652 418 1692 Noster
431 1649 643 1689 adsuevit.
701 1649 819 1689 Ead.
837 1651 865 1688 l.
880 1651 1065 1699 οἷπέφκινε)
1080 1651 1233 1697 ἀπέφαινε
1254 1649 1386 1691 Vind.

0 1708 1 1758 ξ
77 1705 109 1746 l.
138 1719 177 1756 7.
211 1706 353 1752 Φοέμενοι
378 1703 511 1757 αὐτ-ἢν)
547 1707 719 1745 Absunt
747 1707 836 1744 duo
870 1706 1003 1744 verba
1033 1702 1159 1745 Brit.
1174 1706 1234 1746 A.
1255 1706 1306 1749 C.
1333 1729 1386 1738 —-

77 1762 172 1812 αὗτῇ
199 1774 282 1813 pro
306 1762 411 1805 αὔτῆν
438 1767 501 1801 est
528 1759 575 1798 in
602 1759 687 1801 Pb.
754 1759 874 1800 [bid.
906 1763 1091 1811 κομπέειν)
1118 1765 1242 1801 κοπέειν
1264 1760 1387 1802 Brit.

69 1816 136 1857 ·A.
163 1816 214 1858 C.
243 1829 391 1868 prave.
424 1837 478 1847 -·
507 1817 682 1860 κομπεόειν
705 1816 761 1855 F.
803 1816 882 1867 qui
910 1817 1066 1868 paullo
1095 1824 1195 1868 post
1220 1818 1384 1863 αὐτῶν,

77 1885 171 1911 non
194 1872 330 1910 αὐτέων.
402 1871 432 1910 l.
455 1882 502 1910 12
527 1885 617 1923 seq.
639 1872 877 1922 Κλεόμβροτόν
908 1869 979 1922 τε)
1004 1870 1075 1910 Sic
1096 1874 1218 1912 solus
1238 1872 1384 1912 Arch.

75 1940 160 1967 nec
178 1927 305 1966 male.
327 1947 382 1957 —
402 1925 560 1966 Nescio
583 1940 689 1966 vero
710 1940 766 1965 an
784 1941 886 1973 cum
901 1926 1046 1974 Areh.
1070 1927 1201 1967 etiam
1223 1927 1387 1969 saciant

77 1979 241 2024 Paris.
272 1981 494 2021 nonnulli.
534 1983 667 2022 Abest
691 1989 839 2021 autem
869 2001 904 2022 τε
925 1983 980 2022 F.
1008 1981 1195 2035 aliisque
1216 1998 1313 2024 mss.
1343 1992 1386 2024 et

11 2067 13 2082 .
77 2037 209 2078 editis
237 2044 337 2077 ante
371 2038 520 2076 Wess.
588 2039 618 2076 l.
652 2043 714 2079 15.
742 2037 948 2088 Πρινητάδεω
965 2038 1090 2078 Med.
1104 2039 1215 2078 Ask.
1236 2039 1384 2083 Arc-h.

87 2091 227 2134 Vind.
247 2093 384 2134 Pass.
404 2092 560 2132 Valla.
597 2093 684 2140 [F.
706 2090 894 2145 Paris.]
927 2093 1016 2132 Alii
1045 2107 1144 2133 cum
1164 2094 1291 2135 Aldo
1319 2104 1386 2136 Πε-

78 2147 262 2200 ξίνᾊῗῦίδξω,

98 2226 100 2228 v
135 2203 283 2245 CAP.
303 2202 462 2244 XLII.
487 2199 595 2243 Lin.
621 2216 657 2243 2.
692 2201 910 2256 ἀκρομανής)
940 2204 1085 2244 Habet
1101 2206 1281 2246 Pollux
1304 2207 1379 2247 VI.

82 2259 171 2299 125.
196 2259 283 2299 hoc
305 2272 357 2298 ex
377 2260 493 2298 loco.
552 2259 581 2297 l.
613 2262 649 2298 5.
682 2259 856 2309 χρεώμενοι
882 2258 985 2298 defit
1004 2260 1150 2300 Arc-h.
1178 2259 1321 2301 Vind.
1343 2269 1386 2301 et

84 2313 278 2354 Vallae:
305 2321 539 2366 potestque
563 2315 724 2354 abesse.
757 2336 808 2344 —
855 2317 927 2354 Est
953 2329 1059 2355 vero
1089 2318 1210 2356 haud
1249 2316 1386 2357 dubie

18 2397 19 2404 κ
79 2369 135 2408 ab
150 2367 393 2410 Herodoti
408 2383 555 2410 manu.
617 2371 646 2409 l.
670 2384 706 2419 7.
738 2369 835 2410 3511'5'11
855 2389 896 2409 τε
915 2370 1131 2425 ποιεύμενςς)
1155 2372 1252 2412 δεινὼ
1270 2391 1319 2412 τοι
1340 2390 1380 2413 π.

79 2423 227 2465 ΛνεΙι.
257 2423 353 2465 δεινόν
377 2444 409 2465 τι
439 2423 562 2464 Brit.
588 2425 647 2465 A.
673 2425 724 2467 C.
753 2449 808 2456 —-
839 2432 880 2464 et
900 2426 955 2465 F.
984 2440 1066 2466 nec
1092 2429 1220 2466 male.
1265 2426 1380 2468 conf.

80 2492 115 2518 c.
131 2482 196 2528 33,
213 2493 250 2530 9.
310 2479 339 2518 l.
358 2482 395 2520 8.
417 2481 519 2522 ληόν
538 2481 661 2520 Med.
679 2482 813 2521 Pass.
832 2479 954 2521 Eric.
970 2481 1028 2521 A.
1048 2481 1098 2523 C.
1115 2481 1187 2534 [F.
1203 2480 1386 2532 Paris.]

77 2535 184 2575 λαὸν
211 2535 345 2578 Pass,
380 2537 479 2584 [aut
510 2532 607 2582 hic,
639 2544 714 2576 aut
746 2537 883 2588 paulo
908 2538 1163 2590 antc,Ask.
1192 2537 1385 2578 scribere
