1801 3062
301 261 398 310 288
479 254 911 307 HERODOTI
963 253 1273 302 HISTOR.
1323 255 1427 306 IV·

300 393 504 441 ’γινομενοι
537 362 859 422 οἰποθανεονται,
896 367 1008 417 ἀλλ’
1046 357 1186 425 ηὲουσι
1222 366 1266 421 ἐς
1301 386 1436 430 χωρον
1472 369 1613 419 τοῦτον
1637 381 1681 421 ι5

302 450 373 502 ἵνα
405 456 486 499 αιεὶ
519 441 739 513 περιεόντες
768 437 907 505 εξουσι
935 466 996 493 τα
1029 436 1181 523 παντα
1209 436 1380 504 α’γαθοί.
1433 443 1471 491 ἐν
1503 438 1538 510 ᾧ
1568 437 1615 493 δε

302 531 434 581 ἐποίεε
456 521 515 576 τοὶ
543 534 769 583 καταλεχ
773 542 879 572 εντα
898 556 909 573 ,
949 525 1026 569 καὶ
1058 510 1186 581 ἔλεγε
1218 540 1390 573 ταυτα,
1419 520 1459 569 ἐν
1482 542 1615 588 τουτῳ

304 624 554 667 καταγῶῦὓν
584 619 745 664 Οίῖίῆμῶ
773 617 964 647 ξπΟΙΕΕΤΟ.
1009 598 1066 652 ῶς
1094 591 1141 646 δέ
1172 600 1206 645 Οἱ
1238 590 1486 651 deTEAfioef
1525 593 1615 658 Εἶχε

305 708 351 736 το
375 701 556 747 omnm,
596 681 648 728 ἐκ,
679 697 757 743 μεν
788 678 868 724 τῶν
898 670 1096 740 Θρηΐκιον
1126 677 1350 735 ἠφανισθη·
1397 670 1617 730 καταΘοές

306 756 353 812 δε
385 753 507 809 κοί-τω
537 759 580 812 ἐς
611 778 657 804 το
684 746 931 814 κατάγαιον
970 750 1159 817 οἶκημα,
1191 751 1383 801 διαιτᾶτο
1417 754 1486 802 ἐπ”
1515 772 1616 802 ετεα
1636 769 1689 798 20

306 858 414 904 τρια.
452 857 485 885 οι
508 828 554 885 δέ
587 853 656 898 μιν
691 822 856 880 ἐπόθεόν
886 847 964 880 τε,
996 836 1075 876 καὶ
1102 820 1282 878 ἐπενθεον
1317 851 1373 884 ως
1399 830 1615 878 τεθνεῶτα·

307 933 494 981 τεταυτῳ
523 899 612 960 δε
589 916 675 958 ετεῖ
695 909 716 956 ε’
719 899 835 966 φανη
860 925 964 953 τοισι
995 899 1163 968 Θρηϊξι.
1212 925 1292 953 και
1322 926 1429 955 ουτω
1458 900 1618 955 πιθανα

309 999 398 1052 σφι
424 982 585 1051 ἐγένετο
611 1004 672 1034 τα
703 973 834 1045 ἔλεγε
867 1005 886 1032 ο
920 974 1167 1046 Ζαλμοξις.
1212 1001 1361 1030 ταυτα
1395 985 1520 1041 φασί
1546 1003 1620 1047 μιν

229 1071 292 1141 96
312 1071 506 1127 ποιῆσαι.
543 1057 661 1126 Ἐγω
688 1056 733 1111 δε
761 1081 853 1124 περι
879 1080 982 1150 paev’l
984 1052 1124 1108 τούτου
1155 1079 1234 1106 και
1260 1081 1332 1108 του
1365 1062 1620 1120 καταγαίου

311 1139 542 1211 οἱκηματος
563 1161 653 1191 ουτε
679 1131 876 1188 α’πιστεω
891 1172 902 1189 ,
935 1156 1025 1186 ουτε
1051 1130 1104 1185 ὠν
1128 1155 1314 1186 πιστευω
1336 1158 1376 1185 τι
1403 1139 1509 1193 λίην·
1556 1135 1621 1185 δο-

310 1244 396 1273 κεω
429 1215 476 1270 δε
510 1218 718 1268 πολλοισι
748 1205 858 1265 ἐτεσι
889 1207 1074 1278 πρότερον
1107 1235 1174 1263 τον
1214 1206 1445 1279 Ζάλμοξιν
1482 1233 1621 1262 τουτον

310 1291 506 1364 γενέσθαι
533 1286 817 1360 Πυθαγόρεω.
867 1291 930 1342 Ει
937 1312 982 1342 τε
1014 1285 1059 1341 ὃε
1089 1284 1256 1354 εγενετᾶ
1295 1313 1355 1347 τις
1387 1285 1621 1358 Ζαλμοξις

311 1469 355 1504 et
375 1462 491 1502 inter
513 1460 788 1515 epulandum
818 1457 920 1498 illos
941 1456 1183 1509 docuisset,
1213 1470 1356 1509 neque
1378 1470 1451 1501 se,
1480 1468 1623 1508 neque

312 1527 523 1571 convivas
539 1541 673 1573 suos,
688 1540 770 1567 nec
791 1525 959 1567 horum
971 1531 1218 1578 posteros,
1236 1521 1521 1569 morituros‚·
1543 1522 1628 1562 sed

312 1603 537 1637 venturos
555 1592 607 1634 in
633 1594 788 1634 locum
807 1589 1096 1645 quempiam,
1126 1587 1207 1630 ubi
1217 1597 1451 1643 perpetuo
1475 1587 1627 1629 viven-

316 1670 383 1704 tes
419 1659 633 1703 omnibus
673 1656 807 1700 bonis
845 1656 949 1713 sint·
963 1654 1199 1714 fruituri.
1240 1658 1293 1696 In
1328 1657 1483 1696 eadem
1514 1668 1622 1695 vero

314 1730 507 1770 exhedra
519 1758 530 1780 ‚
548 1726 628 1767 ubi
644 1728 752 1765 haec
772 1724 961 1765 faciebat
974 1723 1259 1776 dicebatque,
1281 1723 1623 1763 construendam

314 1795 402 1837 sibi
424 1793 603 1835 interim
619 1805 791 1845 parasse
809 1820 821 1836 ,
842 1789 995 1843 aiunt,
1019 1803 1240 1831 cameram
1263 1791 1624 1838 subterraneam3

317 1876 431 1914 quac
446 1868 683 1915 postquam
703 1857 897 1911 perfecta
914 1863 1045 1909 esset,
1073 1856 1301 1897 evanuisse
1322 1869 1426 1896 eum
1447 1869 1471 1894 e
1486 1856 1624 1895 Thra—

318 1942 421 1968 cum
456 1934 718 1978 conspectu:
759 1922 926 1965 seilicet
958 1921 1006 1961 in
1039 1923 1368 1962 subterraneam
1406 1933 1625 1961 cameram

317 1992 614 2045 descendisse,
644 1990 799 2042 ibique
821 2004 903 2042 per
923 1987 1165 2028 triennium
1193 2001 1283 2028 esse
1308 1995 1556 2037 moratum3
1583 1993 1626 2027 ct

313 2063 506 2101 Thracas
542 2058 695 2110 illum,
733 2064 781 2096 ut
815 2062 1068 2107 mortuum,
1101 2055 1368 2095 desiderasse
1412 2055 1626 2105 luctuque

315 2142 410 2169 esse
443 2132 722 2179 prosecut053
766 2129 922 2174 quarto
960 2134 1066 2161 vero
1097 2135 1215 2161 anno
1247 2120 1494 2161 Thracibus
1522 2133 1627 2159 eum

316 2206 468 2234 rursus
503 2190 783 2244 adparuisse:
825 2195 958 2239 atque
991 2186 1053 2226 ita
1085 2201 1315 2240 persuasos
1349 2189 1431 2226 hos
1465 2185 1623 2231 fuisse,

317 2273 425 2300 vera
459 2272 549 2298 csse
580 2270 694 2309 quae
723 2255 801 2295 ille
827 2253 1017 2294 dixisset.
1064 2255 1186 2294 Haec
1218 2255 1276 2294 ab
1303 2266 1356 2294 eo
1375 2252 1502 2292 'facta
1534 2265 1625 2293 esse

314 2324 567 2379 perhibent.
636 2319 763 2375 (96.)
803 2322 895 2375 Ego
933 2332 1064 2372 vero,
1096 2320 1219 2370 quod
1254 2320 1308 2358 de
1341 2319 1627 2358 subterranea

319 2404 490 2432 camera
509 2389 659 2440 aiunt,
683 2400 827 2438 neque
852 2399 1014 2439 negare
1038 2385 1200 2437 velim,
1221 2398 1369 2436 neque
1393 2383 1527 2423 fidem
1549 2385 1627 2424 ad-

318 2459 506 2498 modum
542 2455 612 2495 his
643 2453 862 2494 adhibeo:
893 2458 1002 2503 puto
1033 2465 1137 2491 vero
1167 2451 1318 2492 multis
1347 2459 1447 2491 autc
1462 2453 1627 2505 Pytha-

317 2537 474 2581 goram
508 2520 638 2563 annis
669 2521 790 2561 hunc
817 2514 1081 2559 Zalmoaein
1122 2518 1296 2560 vixisse.
1339 2517 1443 2559 Sive
1477 2524 1626 2558 autem
