1801 3047
343 256 438 317 542
710 256 1307 309 ARGUMENTUM

331 366 534 432 phernis
556 381 602 410 se
620 368 840 410 facturum
860 371 1120 423 pollicetur,
1139 383 1320 424 sperans
1338 384 1384 412 se
1405 370 1509 412 dein
1526 374 1654 437 Naxo

342 438 368 464 a
388 424 528 465 Persis
544 425 906 477 praefectumiri.
930 428 1023 475 (30.
1043 425 1139 479 31.)
1175 426 1370 466 Mittitur
1388 440 1489 467 cum
1511 429 1656 481 copiis

341 480 633 537 Megabaces‚·
664 481 780 521 inter
815 495 947 532 quem
971 488 1014 521 et
1044 481 1346 537 Aristagoram
1374 481 1469 522 rixa
1498 482 1546 522 in
1580 483 1655 523 iti-

341 549 446 575 nere
479 538 596 587 orta,
630 536 788 577 Persae
813 536 975 576 frustra
989 540 1259 597 oppugnata
1284 540 1432 590 Naxo,
1464 552 1511 577 re
1537 538 1654 579 infe-

341 598 408 630 cta
432 592 631 631 redeunt.
658 593 752 641 (32.
773 594 864 641 34.)
891 589 1238 654 Aristagoras,
1267 599 1469 633 metuens
1500 595 1652 634 Persa-

337 661 441 685 rum
473 644 707 697 offensam,
733 645 867 686 simul
888 646 1117 706 instigatus
1138 649 1193 687 ab
1210 646 1435 688 Histiaeo
1462 662 1545 700 per
1563 663 1649 689 ser-

336 715 448 740 vum
481 701 599 742 Susis
632 701 838 753 missum,
881 699 1183 764 dffectionem
1216 701 1384 744 Ioniae
1419 717 1449 742 a
1484 702 1651 744 Persis

338 756 604 807 meditatur,
635 756 917 796 dissuadente
948 755 1129 807 quidem
1150 757 1390 798 Hecataeo
1420 757 1648 799 historico.

336 812 436 862 (35.
456 813 550 860 36.)
574 811 732 850 Idem
719 826 767 850 in
786 810 980 863 speciem
998 812 1185 852 Milesiis
1207 812 1454 853 libertatem
1477 814 1647 865 reddit3

335 867 615 918 aliarumque
639 865 867 906 civitatum
886 873 1125 919 tyrannos,
1144 869 1251 908 dolo
1274 875 1449 921 captos,
1473 869 1647 910 civibus

335 921 385 961 in
409 936 564 961 manus
583 921 733 971 tradit3
759 929 853 961 turn
871 920 966 973 ipse
986 922 1208 974 Spartam
1229 923 1341 976 abit,
1359 923 1524 964 auxilia
1543 926 1646 965 adv.

334 979 487 1017 Persas
509 976 738 1028 petiturus.
769 979 864 1026 (37.
887 977 978 1024 38.)

389 1033 630 1085 Spartae
651 1047 726 1072 rex
745 1032 1015 1072 Anax-andr
1018 1028 1146 1078 idas,
1165 1031 1288 1072 iuxta
1311 1047 1496 1074 uxorem
1519 1034 1646 1074 steri-

333 1089 449 1138 lem,
481 1087 615 1127 aliam
642 1089 804 1128 ducere
837 1094 1035 1137 coactus,
1071 1100 1123 1126 ex
1153 1089 1235 1127 hac
1260 1096 1474 1143 genuerat
1510 1089 1646 1131 Cleo-

334 1156 534 1182 menem:
564 1157 668 1183 mox
689 1156 794 1183 vero
814 1142 940 1194 p1i0r
964 1155 1077 1181 uxor
1094 1141 1223 1183 Dor'
1205 1157 1328 1183 ceum
1351 1143 1538 1205 peperit.
1567 1147 1644 1185 Pa-

334 1198 391 1236 tri
411 1199 614 1239 successit
639 1198 924 1249 Cleomenes.-
949 1197 996 1236 id
1021 1209 1153 1251 aegre
1176 1199 1319 1238 ferens
1337 1196 1607 1246 Doricus,
1593 1213 1643 1240 111

333 1253 556 1305 Cinypem
575 1246 747 1294 Africae
768 1252 992 1293 coloniam
1015 1252 1162 1293 duxit·
1153 1283 1163 1303 ‚
1183 1255 1303 1293 unde
1324 1254 1510 1306 eiectus,
1534 1256 1641 1295 dum

331 1307 527 1348 Siciliam
551 1310 683 1372 petit,
712 1307 979 1348 Crotoniatis
999 1310 1098 1347 adv.
1118 1309 1352 1361 Sybaritas
1374 1323 1506 1361 opem
1527 1310 1639 1363 tulit,

334 1363 562 1415 denique
550 1379 597 1404 1n
616 1365 763 1405 Sicula
780 1363 1063 1416 expeditione
1087 1351 1234 1416 periit.
1254 1364 1366 1416 (39-
1378 1367 1445 1415 48.
1453 1365 1474 1414 )
1507 1364 1643 1406 Cleo-

333 1433 506 1459 menem
517 1418 852 1478 Aristagoras,
868 1425 1111 1458 monstrato
1126 1419 1173 1458 in
1192 1419 1353 1461 tabula
1363 1419 1642 1484 geographi-

332 1487 388 1514 ca
406 1474 566 1515 itinere
577 1477 684 1516 Susa
699 1488 862 1526 usque,
884 1474 1091 1515 sollicitat
1105 1476 1161 1515 ad
1177 1476 1348 1515 bellum
1364 1475 1506 1515 Persis
1525 1475 1641 1516 infe-

330 1532 545 1583 rendum,
573 1532 871 1582 eumdemque
894 1529 1085 1582 pecunia
1116 1543 1401 1582 corrumpere
1428 1536 1640 1571 conatur.

329 1587 406 1625 sed
432 1587 716 1638 Cleomenes,
752 1584 946 1625 monitus
967 1585 1098 1625 etiam
1125 1600 1149 1625 a
1174 1585 1335 1636 filiola,
1370 1586 1482 1625 urbe
1506 1585 1638 1626 illum

329 1642 539 1681 excedere
555 1642 692 1682 iubet.
714 1639 932 1696 (49-51.)
964 1640 1064 1680 Iter
1081 1642 1139 1681 ab
1152 1642 1328 1694 Epheso
1349 1654 1491 1692 usque
1501 1641 1639 1688 Susa,

329 1709 409 1748 per
450 1696 658 1737 stationes
701 1703 744 1736 et
780 1709 1071 1751 parasangas,
1117 1696 1326 1737 describit
1368 1697 1636 1737 Herodotus.

360 1753 408 1792 52
456 1754 477 1792 5

329 1755 347 1801 (
380 1753 767 1869 Sparia)Achenas
796 1820 842 1847 se
862 1805 1033 1847 confert
1053 1803 1395 1867 Aristagoras.-
1420 1805 1528 1845 hinc
1550 1803 1637 1846 Di-

323 1860 506 1917 gressio
527 1865 582 1903 de
596 1862 750 1903 Rebus
769 1859 1006 1904 Atticis.
1035 1859 1393 1921 Hipparchum,
1406 1860 1634 1901 insomnio

325 1918 485 1958 frustra
509 1919 753 1970 monitum,
778 1917 1094 1957 interfecerunt
1117 1914 1416 1957 Harmodius
1448 1923 1490 1956 et
1517 1913 1636 1957 Ari-

324 1972 538 2030 stogiton
553 2003 565 2021 ‚
608 1987 769 2029 genere
800 1972 1073 2025 Gephyraei.
1105 1972 1200 2023 (55.
1233 1974 1297 2011 56.
1309 1973 1327 2020 )
1370 1968 1637 2029 Gephyraei

325 2042 426 2068 cum
446 2031 613 2070 Cadmo
633 2044 657 2069 e
679 2028 918 2069 Phoenicia
944 2028 990 2066 in
1012 2027 1242 2067 Graeciam
1260 2033 1485 2066 venerant.
1515 2027 1633 2078 (57.)

325 2084 481 2124 Graeci
508 2099 532 2124 a
558 2083 855 2124 Phoenicibus
875 2081 975 2123 liter
978 2097 1124 2122 'arum
1147 2096 1308 2126 usum,
1331 2096 1380 2121 al
1383 2088 1561 2133 temque
1579 2079 1633 2121 in

311 2138 518 2202 pellebas
546 2137 806 2191 scribendi,
835 2138 1096 2178 didicerunt.
1127 2138 1222 2190 (58.
1233 2139 1252 2188 )
1285 2134 1632 2190 [ascriptiones

321 2193 556 2255 intemplo
578 2196 796 2235 Thebano
824 2191 977 2234 literis
997 2191 1230 2236 Cadmeis.
1255 2192 1337 2247 (59
1351 2195 1450 2232 -61.
1460 2194 1479 2242 )
1509 2192 1632 2231 Dum

320 2247 557 2303 Hippias.
579 2248 825 2310 Hipparchi
848 2248 983 2289 frater
994 2248 1221 2302 ,asperius
1248 2253 1375 2288 vexat
1393 2245 1632 2287 Athenien-

319 2317 405 2357 ses,
432 2303 798 2346 Alcmaeonidae
822 2306 993 2345 exsules
1012 2306 1119 2344 dolo
1147 2302 1338 2343 reditum
1368 2302 1413 2341 in
1440 2301 1630 2355 patriam

319 2360 406 2400 sibi
433 2362 658 2413 parabant.
698 2361 927 2400 Conducta
955 2357 1115 2412 templi
1144 2355 1367 2410 Delphici
1403 2357 1485 2410 (cf.
1505 2358 1543 2397 Ι.
1561 2360 1626 2400 30.

318 2416 536 2465 11.180.)
571 2415 913 2468 instauratione,
952 2421 1248 2467 corluperunt
1292 2414 1546 2465 oraculum,
1580 2417 1629 2452 ut

317 2471 692 2511 Lacedaemonios
733 2471 905 2518 iuberet
947 2470 1138 2510 liberare
1173 2469 1395 2518 Athenas3
1434 2481 1627 2520 quorum

316 2527 460 2579 prima
481 2524 704 2579 expedi‘lio
733 2529 780 2565 in
804 2526 988 2566 Atticam
1016 2524 1194 2573 infelix3
1224 2523 1321 2577 (62.
1342 2526 1407 2565 63.
1417 2525 1436 2574 )
1467 2525 1626 2574 altera,

316 2583 430 2624 duce
454 2580 695 2625 Cleomene
720 2581 917 2624 felicior:
944 2577 1313 2628 Pisistratidae,
1331 2579 1516 2624 Athenis
1538 2577 1628 2619 eie-
