1775 3042
349 284 438 317 102
512 265 948 321 VARIETAS
989 265 1445 315 LECTIONIS

346 387 391 422 et
410 396 517 422 mss.
536 381 623 422 nisi
646 384 767 435 quod
787 385 902 423 ταῦτα
917 379 1052 421 scribi
1069 380 1116 419 in
1133 381 1222 421 Pa.
1244 378 1475 420 adnotavit
1490 377 1665 421 Lar-ch.

347 439 471 490 quod
487 444 629 478 tacent
645 446 790 478 nostra
803 440 1029 489 Excerpta.
1052 439 1106 476 At
1121 450 1203 475 nec
1218 439 1334 476 ταῦτα
1351 441 1664 487 opportunum

346 501 440 533 erat
459 493 565 533 huic
585 494 708 544 loco,
734 501 775 533 et
796 495 939 533 multo
958 491 1091 532 etiam
1112 491 1259 531 minus
1281 489 1384 542 τάδε,
1413 492 1535 542 quod
1556 504 1664 543 pro-

344 561 512 588 nomen
538 549 629 588 fere
656 552 905 588 constanter
928 547 1118 587 refertur
1141 547 1197 586 ad
1223 545 1272 585 id
1295 547 1419 597 quod
1444 546 1662 585 continuo

346 603 510 644 deinde
530 605 798 650 declaratur,
830 603 961 654 quale
986 599 1062 642 hic
1092 602 1276 653 quidem
1305 599 1421 640 nihil
1447 601 1664 652 sequitur.

345 660 503 709 Itaque
521 659 576 699 τοὶ
596 658 661 698 δεῖ
674 657 844 710 recepi,
868 659 990 708 quod
1006 672 1058 697 ex
1073 656 1302 696 verissima
1322 656 1399 709 (ut
1417 656 1530 696 mihi
1543 656 1666 696 vide-

345 711 504 765 batur)
530 712 787 752 coniectura
814 714 1203 752 commendaverat
1230 712 1502 752 Valckenar.
1524 724 1665 764 quam

346 770 552 809 eamdem
573 768 843 808 Larcherus
872 768 1003 807 etiam
1024 774 1198 807 secutus
1218 772 1292 807 est.

403 823 550 865 CAP.
572 822 754 864 CLVI.
791 820 915 863 Lim,
938 839 971 861 ι.
1009 825 1061 862 ἐπὶ
1088 823 1152 867 τοὶς
1181 820 1254 874 π.)
1288 822 1371 873 ‘af-0¹5
1393 841 1428 862 τ.
1452 839 1493 861 π.
1511 820 1662 864 Arch-

354 877 501 919 Vind.
572 879 602 917 l.
630 890 666 917 2.
703 879 840 928 ὁρέοντες
858 876 1006 917 Arch.
1041 874 1185 917 Vind.
1213 876 1504 928 [EParis.]
1537 876 1665 917 Olim

347 934 505 984 ἤρέωντες.
535 956 589 962 -
618 947 674 973 ne
694 932 742 972 id
773 931 958 983 quidem
989 933 1119 971 male.
1191 931 1218 971 l.
1250 943 1288 980 4.
1318 933 1432 985 ὀλίγον
1452 932 1515 986 τι)
1543 930 1664 972 Defit

344 1006 377 1027 τι
399 988 546 1027 Areh.
571 986 715 1028 Vind.
773 985 893 1028 Ibid-
915 984 1087 1039 εἶρῶτεον)
1111 985 1182 1028 Sic
1203 987 1340 1027 Pas-5.
1365 987 1500 1036 εἶρῶτων
1512 986 1663 1029 Arch-

354 1040 628 1085 Vind.Ask.
657 1044 790 1094 κ’ρῶτεον
813 1042 923 1083 A'ld·
943 1042 1068 1084 Med.
1084 1066 1137 1073 —
1158 1048 1201 1081 et
1219 1042 1276 1081 F.
1334 1041 1362 1079 l.
1387 1054 1427 1092 7.
1450 1045 1664 1093 πυλουροὶ

344 1098 502 1151 scripsi
535 1113 637 1139 cum
668 1099 726 1139 F.
757 1104 800 1137 et
827 1099 913 1139 Pe.
944 1111 1078 1149 quam
1106 1096 1304 1136 nominis
1328 1096 1521 1136 formam
1550 1095 1664 1137 alibi

344 1159 498 1194 tenent
526 1167 705 1202 omnes,
735 1152 876 1193 veluti
903 1154 986 1193 III.
1010 1167 1076 1204 77,
1097 1167 1134 1204 9.
1164 1159 1206 1192 et
1234 1153 1333 1204 118,
1361 1165 1400 1203 9.
1432 1153 1533 1192 Hoc
1557 1152 1660 1192 Ioco

345 1214 535 1260 πυλωροὶ
563 1209 631 1250 ed.
653 1208 803 1250 Wess.
836 1223 936 1249 cum
964 1207 1079 1249 aliis·
1147 1208 1176 1246 l.
1206 1208 1247 1247 8.
1272 1209 1514 1256 κατοικτίζετο.
1544 1207 1661 1248 Vide

344 1262 541 1304 §uidam
574 1265 621 1304 in
656 1278 786 1314 voce,
824 1264 1032 1303 citantem
1064 1265 1173 1302 haec
1203 1268 1245 1301 et
1278 1260 1661 1314 interpretantem.

346 1320 375 1358 l.
399 1336 440 1373 9.
473 1320 642 1360 ἐπεπόνθεε
663 1319 811 1360 Arch.
840 1317 986 1371 Vind.
1017 1317 1143 1359 Med.
1163 1318 1298 1359 Pass.
1326 1317 1439 1358 Ask.
1470 1319 1551 1365 [F.
1577 1331 1663 1357 nec

346 1375 472 1414 aliud
504 1389 557 1414 ex
582 1373 771 1427 Paris]
796 1375 918 1415 Olim
951 1374 1170 1414 πεπόνθεε.
1200 1395 1253 1403 -
1282 1373 1405 1423 quod
1431 1372 1664 1414 revocavit

343 1427 525 1486 Schaefi
560 1432 818 1475 commode‘,
857 1438 945 1482 nec·
977 1440 1086 1469 vero
1125 1434 1311 1482 urgente
1345 1428 1519 1480 causs53
1556 1441 1664 1468 nam

343 1485 556 1526 utralibet
594 1485 741 1526 forma
776 1484 843 1524 uti
874 1485 1061 1525 licuerat
1090 1484 1289 1524 Nostro.
1368 1484 1398 1522 l.
1433 1497 1492 1523 10.
1533 1485 1663 1524 παθέειν

344 1540 492 1582 Arch.
511 1547 639 1582 recte.
672 1539 821 1595 Vulgo
841 1544 968 1581 παθεῖν.
996 1561 1053 1571 -
1079 1538 1152 1579 Sic
1169 1540 1225 1580 F.
1271 1540 1335 1578 Ex
1354 1535 1515 1578 Paris.
1545 1537 1662 1579 nihil

343 1602 562 1636 notatum.
584 1635 591 1636 ff
629 1597 659 1636 l.
687 1610 703 1635 ι
717 1611 749 1635 ι.
778 1598 848 1636 {nei
869 1603 913 1635 τε·
929 1593 1057 1648 οὐδεὶς)
1076 1594 1149 1634 Sic
1169 1594 1280 1634 Ald.
1302 1599 1346 1634 et
1358 1593 1511 1646 steph.
1535 1595 1607 1634 ἐπεί
1626 1610 1664 1634 τε

344 1650 384 1692 δὲ
411 1651 511 1697 οὐδεὶς
535 1651 603 1692 ed.
643 1653 792 1693 Wess.
820 1662 921 1691 cum
946 1651 1092 1690 Gron.
1124 1664 1176 1689 ex
1206 1644 1329 1690 Med.
1367 1654 1410 1689 et
1441 1649 1579 1689 Pass.
1609 1670 1665 1677 -

342 1705 416 1746 Sic
448 1706 633 1758 quidem
668 1713 712 1747 et
740 1707 798 1748 F.
825 1703 998 1759 (nescio
1022 1718 1078 1744 an
1101 1712 1143 1744 et
1162 1701 1356 1758 Paris.)
1377 1703 1537 1755 iniquo
1560 1705 1662 1744 loco

344 1760 513 1802 intrusa
537 1762 568 1802 δὲ
585 1761 830 1816 particula,
846 1766 979 1813 quam
998 1756 1140 1800 abieci
1157 1774 1258 1800 cum
1274 1756 1455 1817 Schaqfl
1484 1760 1664 1800 Lubens

343 1827 452 1857 ‘vero
474 1817 531 1869 δὲ,
553 1828 636 1871 pro
660 1817 709 1862 δὲ,
731 1823 990 1869 accepturus
1010 1829 1149 1856 eram.
1205 1816 1234 1855 l.
1259 1827 1321 1865 14.
1346 1819 1406 1855 καὶ
1427 1818 1480 1866 τῇ
1495 1812 1662 1866 στρατιῇ)

342 1872 421 1912 Sic·
436 1873 578 1913 Arc-lt.
600 1884 655 1904 —'
685 1879 728 1912 et
751 1874 806 1914 F.
828 1874 917 1914 Pa,
937 1871 1026 1913 Pd.
1048 1872 1171 1923 quod
1197 1865 1346 1922 recepi
1365 1867 1661 1923 cumSclzczgfi

343 1930 479 1969 ‘Abest
509 1927 720 1968 articulus
742 1928 810 1968 ed.
839 1929 913 1968 W
907 1941 991 1967 ess.
1021 1933 1063 1966 et
1082 1925 1192 1966 aliis.
1248 1922 1371 1965 Ibid.
1399 1929 1458 1966 καὶ
1482 1921 1659 1978 nipe-ma)

343 1984 518 2025 Absunt
538 1985 628 2023 duo
647 1985 785 2023 verba
798 1982 943 2022 Arc-h.
964 1982 1016 2023 V
1012 1979 1108 2021 ind.
1130 1980 1182 2022 V
1176 1982 1312 2022 allae.
1332 2003 1383 2011 -—-
1406 1986 1449 2020 et
1463 1981 1553 2021 Pa.
1575 1982 1662 2020 Te-

343 2046 421 2079 net
449 2040 605 2078 eadem
634 2051 714 2078 ms.
743 2038 794 2080 F.
820 2052 921 2077 cum
947 2037 1066 2077 Edd.
1096 2042 1138 2076 et
1164 2036 1263 2076 aliis
1291 2033 1467 2077 msstis.
1537 2035 1566 2074 l.
1595 2039 1660 2077 15.

344 2091 638 2148 καταπροΐξεται)
661 2092 775 2133 Οἰΐᾶῖ
792 2093 946 2134 Schol.
972 2092 1019 2131 in
1035 2090 1288 2145 Al'l'slopb.
1316 2090 1466 2145 Equit.
1488 2103 1549 2130 VS.
1564 2093 1661 2141 433-

343 2155 387 2189 et
419 2163 470 2189 ex
496 2162 549 2188 eo
570 2146 744 2189 suidas
774 2147 820 2187 in
845 2161 970 2188 voce.
990 2149 1145 2188 W'Ess.

402 2203 549 2246 CAP.
567 2202 776 2245 CLVII.
797 2200 905 2245 Lin.
929 2219 963 2243 1.
987 2203 1123 2254 ὁρέοντες
1142 2215 1291 2243 rursus
1312 2215 1365 2256 ex
1379 2200 1524 2241 Arch.
1540 2213 1660 2240 rece-

344 2258 411 2313 pit
447 2262 594 2300 PVess.
614 2258 693 2300 ubi
713 2259 792 2299 alii
813 2260 949 2313 vulgo
970 2259 1116 2305 ἐρέωνι-ες
1134 2259 1319 2297 dabant:
1342 2263 1384 2296 et
1402 2255 1464 2296 sic
1480 2258 1524 2295 h.
1546 2257 1575 2295 1.
1600 2256 1658 2296 F.

347 2314 402 2355 Cf.
421 2328 457 2354 c.
477 2317 570 2365 156,
591 2326 627 2353 2.
695 2313 726 2353 l.
750 2327 787 2354 2.
808 2317 889 2353 τῶν
907 2317 936 2352 ἔν
955 2311 1081 2364 Πέρση)
1100 2315 1157 2352 τδν
1179 2316 1207 2353 ἔν
1221 2321 1268 2352 n.
1283 2311 1430 2352 Arch.
1448 2319 1491 2351 et
1510 2308 1659 2352 Vind-

345 2393 399 2402 -
424 2373 488 2411 τῶν
513 2370 727 2421 tenendo,
756 2368 994 2412 δοκιμωτάτων
1019 2368 1173 2409 malles
1205 2382 1307 2407 cum
1333 2364 1479 2408 Reisk.
1560 2367 1590 2406 l.
1620 2372 1659 2409 5.

346 2427 584 2477 ὶπιτροίπεσθκι
609 2432 651 2464 ct
679 2426 800 2468 ἑτοῖμοι
828 2422 985 2475 scripsi
1016 2437 1117 2462 cum
1149 2430 1299 2464 nostro
1330 2424 1387 2464 F.
1418 2435 1657 2475 rursusque

346 2483 469 2526 ἑτοῖμοι
496 2481 632 2533 paulo
656 2478 865 2529 inferius,
894 2483 936 2518 et
958 2478 986 2517 l.
1018 2491 1077 2519 12.
1099 2479 1226 2523 δμοῖοιε
1256 2492 1369 2530 quae
1389 2483 1545 2518 cuncta
1565 2476 1657 2518 iam

343 2543 462 2577 recte
491 2541 785 2590 occupaverat
816 2530 995 2592 Schaqsss
1035 2532 1126 2575 Alii
1154 2535 1292 2591 vulgo
1324 2536 1585 2586 ἕπιτραπῖσθοιι,
1614 2540 1658 2574 et
