1775 3042
352 236 447 282 114
560 217 962 274 VARIETAS
1006 218 1445 269 LECTIONIS

352 342 424 388 52,
450 347 512 375 12.
529 340 572 374 et
591 336 654 374 16.
670 347 759 385 quo
779 339 1003 386 postremo
1015 334 1116 373 loco
1135 333 1297 374 iterum
1311 334 1503 383 Ἀλαζόνας
1518 346 1657 386 pena-

351 398 451 432 cute
469 389 643 443 scripsit
665 391 814 430 Wess.
851 390 973 443 Quae
992 388 1206 441 scriptura
1227 403 1366 440 quum
1392 388 1656 431 certissimae

350 451 611 487 accentuum
633 444 800 484 rationi
826 452 1065 498 repugnet,
1094 445 1313 492 Ἀλοιξῶνε
1327 462 1341 489 ς
1361 445 1404 482 h.
1425 445 1454 483 l.
1475 443 1655 486 edidere

350 498 480 543 Reiz.
500 497 678 556 Schaef.
701 506 742 539 et
761 499 907 540 Borlz.
927 501 1004 538 sed
1030 500 1291 538 mendosum
1309 499 1501 546 Ἀλιιξώνας
1517 513 1554 538 c.
1580 501 1655 553 52,

353 560 416 597 16.
440 556 578 595 iidem
599 555 798 595 Editores
825 553 1038 594 intactum
1059 553 1356 605 reliquerunt;
1390 555 1512 604 quod
1531 569 1657 594 men-

348 613 458 651 dum
479 610 611 650 etiam
634 611 756 662 apud
785 608 938 649 Strab.
966 611 995 648 l.
1018 623 1053 648 c.
1078 611 1279 662 vulgatos
1299 608 1438 649 libros
1464 622 1655 662 occupa-

348 673 484 707 verat.
504 668 556 705 Et
571 684 595 704 ω
610 666 798 718 longum
814 663 994 714 quidem
1007 670 1122 703 recte
1143 667 1291 705 Wess.
1306 663 1534 716 adhibuit,
1553 678 1656 717 par-

349 721 430 761 tim
460 719 664 760 codicum
691 719 1016 758 nonnullorum
1050 718 1238 781 vestigia
1260 727 1458 770 secutus,
1491 719 1654 772 partim

348 777 562 817 disemum
574 770 801 826 Stephani
814 773 926 829 Byz.
945 773 1180 813 monitum.
1199 776 1332 828 Quod
1347 782 1494 814 autem
1509 783 1653 815 acuto

347 837 529 872 accentu
557 830 762 868 vocalem
784 826 939 866 illam
926 842 973 866 ln
1001 830 1083 867 hac
1108 830 1210 868 sede
1236 829 1406 869 notavit
1428 829 1548 869 idem
1574 830 1655 870 Vir

348 884 650 928 doctissimus,
683 882 860 922 videtur
889 882 1012 922 aliud
1046 882 1246 923 eiusdem
1272 883 1498 936 Stephani
1526 899 1655 937 prae-

347 949 524 994 ceptum
548 938 802 991 respexisse.
833 939 889 976 At
915 937 1031 977 illud
1050 937 1207 978 vitiose
1240 938 1288 977 in
1311 938 1437 978 libiis
1462 939 1654 1003 vulgatis

347 1008 601 1049 expressum
628 1000 717 1033 est.
743 1006 846 1032 nam
864 1006 947 1044 plo
969 993 1138 1044 ὀξύνεται,
1158 995 1280 1044 quod
1301 995 1437 1048 vulgo
1458 993 1523 1033 ibi
1542 995 1654 1049 legi-

345 1060 435 1096 tur,
459 1050 579 1089 haud
599 1048 735 1087 dubie
761 1047 900 1098 παροξύ.
900 1066 976 1087 erm
1000 1047 1212 1099 scriptum
1235 1050 1483 1109 oportebat.
1519 1052 1654 1090 Nem-

346 1120 403 1160 pe
422 1107 509 1144 hoc
529 1103 636 1143 dicit
658 1102 1067 1161 Ethnicographus:
1091 1103 1261 1154 Ἀλέξων,
1284 1117 1543 1156 proprlum
1569 1118 1654 1145 no-

346 1174 449 1200 men
466 1157 646 1216 gentis,
664 1164 896 1216 penacute
918 1155 1172 1203 scribitur,
1203 1166 1247 1197 ec
1262 1157 1518 1218 genitivum
1541 1160 1654 1200 Ἀλεί-

348 1219 440 1275 ξωνρς
452 1214 669 1283 format,
699 1226 789 1265 quo
819 1209 1147 1283 dzstmguatur
1175 1212 1232 1251 ab
1262 1211 1540 1266 appellativo
1570 1229 1655 1255 ηο-

348 1283 474 1310 mzne
496 1269 650 1317 οἱλαξων,
678 1270 859 1316 οἱλαξωνῡς.
918 1268 945 1306 l
968 1270 1005 1306 6
1021 1287 1091 1308 σιτ-ο
1095 1286 1107 1307 ν
1127 1284 1158 1307 οε
1147 1265 1188 1320 )
1211 1269 1304 1308 κοινοὶ
1323 1287 1439 1308 τκυτοι
1457 1268 1488 1308 δὲ
1503 1269 1651 1310 Arell-

354 1323 486 1367 Vind.
509 1323 665 1366 Valla.
723 1323 752 1362 l.
778 1337 817 1374 7.
837 1321 978 1372 σκόροδα
1000 1335 1153 1362 omnes
1165 1324 1389 1375 ,exceptis
1412 1321 1582 1364 Medic.
1609 1331 1653 1365 et

345 1380 480 1432 Ask„
504 1379 582 1431 qui
604 1377 740 1429 σκόρδα.
767 1400 818 1407 —-
842 1378 1085 1431 vulgatum
1114 1384 1261 1416 tuetur
1276 1379 1333 1418 F.
1397 1379 1426 1417 l.
1445 1381 1483 1418 8.
1501 1380 1652 1427 Ἀλαξω-

347 1434 436 1488 νων)
459 1435 638 1482 Ἀλιξῶνων
663 1432 798 1473 Valla
820 1438 862 1471 et
878 1432 1025 1472 Al‘ch.
1040 1456 1091 1462 —
1120 1432 1212 1471 Alii
1227 1435 1413 1481 Ἀλαζόνων
1433 1447 1535 1474 cum
1550 1434 1649 1474 edd.

342 1499 448 1530 ante
475 1491 625 1529 Wess.
666 1487 781 1528 Vide
803 1489 940 1539 paulo
964 1496 1079 1530 ante
1135 1488 1165 1525 l.
1199 1502 1260 1526 ιο.
1287 1489 1345 1528 τᾶν
1361 1487 1488 1551 ‘cf-rev)
1517 1491 1652 1529 Abest

345 1546 467 1586 artic.
485 1543 632 1584 Arc-h.
647 1542 757 1584 Ask.
812 1540 933 1582 Ibid.
952 1562 1007 1584 w.
1006 1562 1044 1583 τε
1036 1542 1246 1582 atAt-elz.
1261 1541 1320 1596 [et
1335 1543 1398 1583 sic
1411 1544 1478 1583 ed.
1501 1546 1652 1585 Wess.

346 1608 389 1641 et
404 1614 519 1653 seqq.
510 1602 548 1647 .]
577 1599 735 1639 τούτων
760 1596 884 1638 olim.
899 1622 947 1627 -
988 1598 1060 1638 Sic
1085 1599 1140 1637 F.
1170 1612 1271 1637 cum
1292 1598 1389 1638 aliis
1414 1599 1621 1640 omnibus
1637 1630 1650 1652 ,
1687 1645 1691 1650 ,
1743 1592 1747 1635 ἶ

345 1657 470 1708 quod
490 1652 628 1695 teneri
648 1654 883 1693 commode
901 1659 1122 1705 potuerat.
1178 1654 1208 1692 l.
1228 1668 1289 1692 ιι.
1307 1654 1347 1693 τέ
1370 1672 1432 1704 πρ
1428 1654 1481 1703 “ς)
1505 1655 1551 1694 τοὶ
1569 1655 1652 1706 πρδς

344 1710 489 1751 Arch.
515 1707 660 1750 Vind.
726 1705 848 1749 Ibid.
877 1711 972 1759 figam
999 1706 1154 1748 iidem.
1174 1711 1239 1757 [et
1259 1707 1364 1747 inde
1384 1709 1452 1748 ed.
1479 1709 1652 1758 Wess]

343 1772 388 1807 et
411 1766 473 1807 sic
497 1765 659 1804 iterum
681 1777 774 1815 cap.
791 1777 881 1832 seq.
909 1767 1053 1814 βορέην
1080 1763 1257 1815 reliqui.
1281 1787 1333 1792 ——
1363 1777 1444 1803 nec
1469 1763 1517 1802 hi
1537 1766 1652 1804 male

343 1821 561 1874 profecto.
612 1818 731 1858 Eud.
751 1819 780 1857 l.
799 1821 931 1869 ἐρῆμα
941 1819 1032 1869 ςὲ)
1034 1837 1130 1870 ςκμος
1154 1818 1299 1859 Arc-h.
1336 1815 1473 1858 Vind.
1494 1820 1568 1866 [et
1582 1820 1651 1860 ed.

352 1878 502 1917 Wess.
513 1879 533 1924 ]
565 1873 686 1914 Olim
711 1875 889 1928 vulgo}
877 1892 1007 1924 ερκιιον.
1027 1898 1079 1903 -
1101 1876 1214 1923 ἐρῆμιν
1235 1874 1288 1913 Γ.
1305 1874 1393 1913 Ρα.
1416 1875 1499 1914 Pc.
1527 1877 1650 1926 quod

344 1930 393 1970 in
410 1934 437 1982 ἐς
443 1949 525 1976 r,;u.o
551 1928 721 1968 mutavi
745 1943 846 1968 cum
873 1925 1051 1984 Schaefi
1086 1928 1213 1968 Conf.
1239 1925 1541 1983 lVesselingii
1561 1932 1653 1970 No-

345 1993 448 2026 iam.
500 1988 529 2026 l·
555 1988 616 2025 13-
629 1982 827 2036 vibam)
825 1983 984 2024 Υσπκνιν
1014 1982 1159 2023 Vind.
1179 1983 1325 2024 APCh.
1381 1983 1531 2024 Ῐύιιί.ε
1519 2003 1596 2024 wne
1585 1988 1652 2035 ’ρης

350 2042 405 2083 V
402 2040 499 2081 md
527 2039 672 2080 Arch.
709 2039 832 2079 Med.
861 2040 996 2079 Pass.
1021 2039 1133 2079 Ask.
1166 2040 1248 2087 [Γ.
1272 2040 1361 2080 Pa
1387 2038 1649 2092 Ρο.]ἐσπέρην

343 2096 433 2137 alii.
449 2118 502 2126 —
527 2094 599 2135 Sic
613 2093 700 2133 Pd.
727 2108 827 2133 cum
853 2093 1094 2134 Edd.vetc.

399 2151 548 2195 CA.P
562 2148 762 2190 XVIII.
780 2146 887 2189 Lin.
901 2161 939 2188 2.
957 2147 1148 2201 ἦὝλιιιή)
1173 2148 1347 2188 Omittit
1362 2148 1485 2188 artic.
1511 2149 1650 2189 Arch.

342 2204 463 2247 Ibid.
484 2206 579 2257 ἄνω)
603 2203 673 2243 Sic
688 2206 757 2243 ed.
777 2202 905 2244 Reiz.
921 2211 962 2243 et
977 2204 1122 2243 Bor-lt
1144 2218 1195 2243 ex
1213 2204 1464 2244 coniectum
1486 2204 1652 2245 Valck-

344 2262 563 2312 ἅνθρωποι
587 2260 656 2299 ed.
691 2262 840 2299 Wess.
871 2274 970 2298 cum
1007 2260 1106 2298 edd.
1131 2261 1364 2311 praecedd.
1396 2267 1439 2298 et
1466 2258 1651 2307 msstis,

344 2329 537 2378 quoru-m
567 2328 590 2353 e
618 2327 803 2353 ιιιιηιειο
832 2316 928 2354 cod.
950 2314 1005 2353 F.
1041 2316 1084 2353 ct
1115 2328 1230 2354 unus
1259 2311 1383 2355 Par
1364 2328 1418 2353 ts.
1446 2313 1530 2368 (dc
1559 2328 1649 2366 quo

344 2370 519 2411 monuit
549 2369 720 2410 Larch.
732 2371 750 2420 )
783 2369 932 2409 forsan
959 2376 1001 2409 et
1029 2368 1108 2408 alii
1127 2369 1300 2420 plures,
1334 2370 1650 2422 compendiose

343 2437 413 2477 ἁίιι
435 2435 647 2477 scribunt.
690 2436 742 2473 Et
772 2435 932 2485 divisam.
955 2434 1181 2474 revocavit
1205 2433 1385 2491 Schaef
1431 2435 1645 2487 Equidem

342 2492 410 2532 sk'zae
429 2491 643 2545 probavi,
661 2489 959 2530 coniecturam
976 2492 1090 2531 hane
1104 2489 1270 2531 firmari
1282 2490 1537 2546 intelligens
1556 2491 1653 2531 ido-
