1760 3052
261 262 350 309 IN
385 259 830 309 HERODOTI
867 259 1018 308 LIB.
1054 262 1122 314 V.
1272 261 1369 329 259

45 373 195 419 Arch.
213 374 322 417 Ask.
340 377 392 417 V
389 374 487 416 ind.
502 372 630 416 Brit.
648 397 702 407 —
721 374 793 415 Sic
814 375 926 415 etF.
941 375 1009 425 γάρ
1029 393 1102 420 τοι,
1124 376 1296 427 absque
1315 374 1370 419 δὴ.

103 429 252 474 CAP.
285 431 443 473 CXII.
468 428 577 473 Lin.
599 446 634 470 ι.
669 435 729 470 καὶ
747 433 942 474 μεταυτίκα
961 428 1167 484 συνέμισγε)
1193 435 1253 470 καὶ
1273 431 1366 476 μετ-οὲ

45 487 387 533 συνέμισγεΛνεΙι.
417 486 519 527 satis
543 500 628 540 pro
655 499 796 525 more.
837 486 891 526 In
923 481 1064 525 Vind.
1091 489 1290 539 συνέσμιγε,
1319 491 1369 526 ut

46 542 130 584 lib.
145 544 178 582 Ῑ.
202 556 292 590 127.
308 544 407 584 VII.
421 554 487 590 4ο.
511 545 664 588 συνέμιγε
680 541 792 582 Ask.
814 541 964 587 συνέμιξε
980 537 1104 588 Brit.
1123 562 1172 570 —
1195 544 1255 581 καὶ
1275 541 1369 587 mro?

46 601 166 639 τοιῧτοι
184 602 343 643 συνέμεινε
360 598 449 640 Pd.
469 598 600 637 male.
640 599 886 651 vulgatum
914 601 1095 636 tuentur
1114 594 1194 635 alii
1221 593 1368 635 Pari-

44 651 146 694 sini
160 667 263 694 cum
277 656 332 695 F'.
390 654 419 692 l.
437 665 475 703 4.
489 651 658 707 τουτέων)
680 654 803 693 τούτων
815 653 872 692 F*-
929 648 1053 692 Ibid.
1072 647 1232 703 συνᾶἷλθε)
1248 654 1370 694 owine

41 711 105 750 θον
126 708 271 749 Arc-h.
297 706 489 750 Vindob.
510 710 633 760 quod
657 707 887 762 adoptavit
903 703 1086 765 Schaesl
1124 707 1368 760 Vulgatum

42 770 228 806 tuentur
250 764 329 805 alii
361 765 489 804 codd.
528 778 697 804 omnes.
770 766 799 804 l.
828 766 868 804 8.
901 763 1019 803 κατοί
1049 762 1104 802 τοὶ
1134 760 1369 814 συνεθήκατο)

43 819 138 874 Sic,
159 828 234 861 aut
248 820 508 867 ‘gunaAt-ch.
526 820 578 861 V
576 817 672 859 ind.
691 818 853 861 Paris.
866 819 926 861 A.
937 819 992 859 B.
1010 814 1138 858 Brit.
1160 818 1284 868 quod
1298 816 1368 858 iu-

42 881 175 918 stum.
213 876 329 917 Vide
356 876 437 915 lib.
463 877 523 916 II.
547 890 614 928 99.
654 874 776 916 Olim
798 875 896 916 κοινοὶ
922 875 1024 920 ξυνεθ.
1050 896 1105 905 —-
1144 874 1198 912 In
1222 873 1279 913 Ε
1304 878 1369 914 est

0 971 1 974 ,
42 932 151 972 notro?
171 936 273 972 συνεθ.
297 931 378 972 ubi
398 932 503 972 uari*
523 930 645 971 idem
664 945 714 971 ac
736 933 812 972 καθ’
835 930 860 970 δὲ
886 930 1041 969 valere
1060 928 1213 982 possit.
1247 927 1366 970 conf.

41 989 100 1028 ad
120 1001 155 1027 c.
179 1001 278 1040 ιιι,
300 1002 337 1039 7.
369 988 456 1027 Sed
468 1001 624 1027 verum
641 993 704 1027 est
725 986 821 1027 κατοὲ
837 986 883 1026 τοὶ
904 988 1007 1026 συνεθ.
1065 985 1095 1024 l.
1122 998 1185 1023 11.
1207 985 1227 1024 δ
1246 982 1370 1037 Κοὲρ)

0 1041 1 1099 ἦ
43 1045 65 1086 o‘
85 1042 233 1084 ὄποίων
252 1042 402 1083 Arch.
424 1040 570 1083 Vind.
595 1043 753 1083 Valla.
771 1064 825 1072 —-
858 1043 983 1093 quod
1000 1039 1169 1093 recepit
1187 1037 1372 1096 Schaqfi

0 1101 1 1118 ¹
43 1100 288 1154 Vulgatum
307 1098 487 1139 firmant
502 1099 560 1138 F.
581 1105 624 1138 et
643 1095 807 1140 Paris.
827 1110 931 1137 cum
952 1095 1067 1136 aliis.
1127 1096 1157 1135 l.
1182 1110 1201 1136 1
1214 1110 1248 1136 ι.
1268 1098 1369 1137 αἰπει-

41 1154 189 1206 9οίσσει)
210 1154 395 1202 οἷποιρῤοίσει
416 1153 531 1194 Ask-

0 1239 2 1271 Ι
96 1208 246 1251 CAP.
278 1208 465 1251 CXIII.
484 1206 593 1249 Lin.
623 1213 661 1250 3.
688 1210 829 1260 σμικρήν
861 1205 1062 1248 Vindob.
1088 1204 1367 1250 Ask.Areh.

0 1273 3 1308 Ι
38 1262 170 1306 Brit.
206 1263 285 1318 [F.
312 1278 396 1305 nee
417 1264 538 1305 aliud
562 1279 614 1305 ex
635 1262 828 1317 Paris.]
853 1264 973 1314 μικρῆν
995 1261 1073 1303 alii
1097 1270 1251 1303 contra
1271 1277 1371 1303 mo-

37 1335 148 1361 rem.
173 1341 229 1351 -
263 1321 321 1360 At
340 1320 596 1373 promiscue
620 1322 811 1371 utraque
841 1317 1041 1359 nominis
1070 1317 1219 1359 forma
1245 1320 1369 1371 apud

40 1377 249 1417 Nost-rum
271 1382 459 1417 utuntur
473 1376 614 1416 iidem
628 1375 748 1417 libri.
778 1375 893 1417 Vide
914 1380 1063 1414 tamen
1085 1375 1218 1416 Koen
1239 1373 1371 1415 alios-

40 1446 130 1484 que
150 1431 272 1472 viros
293 1433 448 1473 doctos
469 1434 526 1472 ad
548 1432 743 1489 Gregor.
765 1430 871 1471 dial.
890 1429 984 1469 ion.
1004 1428 1041 1484 §.
1064 1431 1130 1470 88.
1189 1431 1220 1470 I.
1239 1431 1275 1470 5.
1301 1432 1368 1470 τῶν

39 1491 197 1539 Κουριέων
219 1487 357 1528 Pass.
385 1487 498 1529 Ask.
513 1487 624 1528 Ald.
645 1494 723 1527 etc.
758 1486 857 1536 [Sic
877 1486 932 1526 F.
955 1492 998 1525 et
1020 1481 1208 1539 Paris]
1249 1484 1369 1525 Arti-

39 1545 195 1584 culum
216 1543 396 1600 ignorat
420 1545 487 1585 ed.
511 1544 714 1584 Gronov.
761 1544 815 1582 In
840 1543 899 1583 F.
925 1547 989 1581 est
1007 1545 1084 1581 καὶ
1106 1544 1173 1581 τῶν
1193 1543 1366 1592 Κουριέων.

39 1600 73 1640 l.
100 1613 142 1651 7.
168 1598 342 1652 ἐποίεε)
374 1603 534 1640 ἐποίεον
561 1599 710 1640 Areh.
736 1597 945 1640 Vindob.
965 1617 1020 1630 -
1046 1597 1179 1648 quod*
1200 1594 1371 1649 recepit

37 1651 221 1711 Schaqs:
279 1653 400 1696 Ibid.
430 1655 579 1708 τούτων,
607 1662 650 1695 et
668 1668 774 1696 mox
795 1651 881 1697 ἦσαν
905 1653 962 1692 F.
982 1664 1076 1692 non
1102 1655 1261 1697 τουτέων,
1284 1665 1370 1692 nec

41 1711 139 1752 ἕσαν.
195 1711 226 1750 l.
249 1713 287 1752 8.
309 1711 341 1751 δὲ
357 1708 448 1762 τοῦ)
468 1728 503 1751 τε
521 1724 607 1763 pro
636 1710 669 1752 δὲ
686 1709 835 1752 Arch.
867 1706 1015 1750 Vind.
1071 1707 1101 1746 l.
1125 1720 1189 1748 11.
1209 1707 1369 1759 Σολίων)

39 1769 185 1809 Σολιέων
206 1766 361 1807 iidem.
393 1765 523 1806 Conf.
550 1780 584 1807 c.
613 1781 715 1816 110,
739 1772 776 1809 5.

97 1820 246 1863 CAP.
269 1821 450 1865 CXIV.
480 1819 590 1862 Lin.
615 1826 652 1863 3.
679 1823 912 1873 ἀνεκρέμασαν
943 1817 1068 1860 Med.
1091 1818 1228 1859 Pass.
1253 1816 1370 1858 Ask-

39 1875 152 1931 [F.]
172 1879 415 1930 οἷπεκρέμασοιν
431 1877 542 1919 Ald.
563 1884 606 1917 ct
627 1877 720 1918 alii.
734 1899 787 1909 -
812 1878 878 1915 Ex
896 1889 989 1915 uno
1012 1875 1101 1917 Pa.
1117 1875 1205 1914 hoc
1226 1875 1370 1913 adno-

39 1939 198 1974 tatum.
262 1933 336 1973 Ib.
364 1931 600 1986 κρεμαμένης)
630 1934 859 1985 κρεμασμένκς
890 1928 1030 1971 Vind.
1089 1929 1119 1968 l.
1141 1941 1180 1979 4.
1201 1929 1369 1973 ν’ἷδκέεύω

40 1987 142 2043 σκς)
164 1989 238 2030 Sic
259 1987 416 2041 scripsi
439 2002 540 2028 cum
561 1990 618 2029 F.
649 1989 746 2034 οὔσης
771 1986 830 2031 ν’ίδκ
856 1986 924 2026 ed.
943 1988 1017 2027 W
1011 2000 1095 2026 ess.
1123 1999 1225 2025 cum
1252 1984 1366 2026 aliis.

39 2044 71 2084 l.
93 2047 132 2086 5.
153 2042 243 2099 μὶν)
272 2049 332 2091 μὲν
353 2045 409 2084 F·
438 2043 588 2085 minus
619 2043 870 2085 commode.
934 2039 1055 2083 Ibid.
1088 2038 1272 2092 ἐνέπλησε)
1303 2043 1369 2081 ἐνέ-

39 2112 177 2144 πλησαν
200 2099 350 2142 Arch.
376 2113 470 2140 non
498 2099 755 2141 insuaviter.
783 2122 838 2130 —
866 2097 1053 2150 Recepit
1075 2098 1162 2136 hoc
1184 2094 1366 2150 Schaejss

37 2157 284 2211 vulgatum
301 2155 444 2196 tenuit
455 2156 602 2197 Borlz.
621 2171 724 2197 cum
739 2153 839 2195 aliis
855 2153 1084 2194 omnibus.
1143 2153 1172 2191 l.
1185 2155 1223 2191 6.
1235 2155 1370 2203 ἐχρέων-

37 2209 109 2264 το)
137 2215 284 2263 ἔχρέεντο
310 2210 458 2253 Areh.
486 2218 529 2251 et
567 2213 618 2251 V
616 2210 713 2253 ind.
741 2234 796 2242 —-
834 2211 958 2262 quod
991 2206 1160 2261 recepit
1185 2205 1368 2265 Schaejf.

38 2266 200 2308 Nescio
219 2281 276 2308 an
295 2266 360 2308 sic
381 2273 424 2307 et
436 2268 527 2309 Pa.
542 2268 628 2309 Pe.
649 2267 728 2320 qui
753 2266 846 2306 fere
876 2272 1127 2305 constanter
1155 2263 1265 2303 alifis
1284 2265 1369 2302 hac

36 2328 227 2363 utuntur
255 2322 385 2363 verbi
408 2323 568 2363 forma.
605 2325 850 2378 Vulgatum
882 2335 985 2362 cum
1015 2322 1070 2361 F.
1102 2327 1145 2360 et
1174 2318 1275 2359 aliis
1305 2325 1368 2358 te-

36 2378 141 2419 'nuit
161 2378 310 2420 BorIl.
340 2378 586 2433 Perperam
611 2382 762 2431 ἔχρίωντο
783 2377 874 2419 Pd.
931 2377 962 2417 l.
979 2391 1018 2429 7.
1045 2376 1105 2419 τνῗν
1124 2376 1212 2422 μὲν)
1232 2375 1368 2414 Abest

37 2439 98 2480 μὲν
116 2435 302 2476 Pa.Pc.
372 2434 402 2474 l.
429 2437 467 2475 8.
499 2437 665 2486 Ὀνησίλῳ
688 2433 839 2475 Arch.
855 2434 993 2474 Pass.
1010 2431 1123 2473 Ask.
1147 2431 1198 2471 V
1196 2428 1294 2470 ind.
1312 2451 1366 2461 --

36 2497 81 2530 et
101 2490 157 2531 F.
183 2491 306 2542 quod
326 2489 477 2543 recepi
511 2505 612 2531 cum
636 2486 818 2545 Schaejl
842 2501 926 2542 pro
956 2489 1142 2542 vulgato
1168 2487 1366 2535 ὀννσίλεῳ.

13 2606 14 2609 ¹
35 2546 65 2587 l.
86 2561 148 2589 10.
167 2551 227 2595 μέν
248 2566 298 2587 νυν
321 2546 470 2587 Arch.
492 2543 640 2588 Vind.
656 2547 819 2589 Paris.
834 2544 894 2586 A.
914 2544 968 2586 B.
986 2541 1114 2639 Bri}
1130 2540 1241 2583 Ald.
1280 2543 1367 2582 De.

14 2631 15 2635 ,
1124 2609 1146 2638 2
