1760 3052
263 239 349 286 IN
387 236 821 286 HERODOTI
857 236 1003 286 LIB.
1041 238 1144 290 IV.
1285 237 1375 289 151

62 364 195 395 voces
220 353 357 394 Pass.
377 351 491 394 Ask.
515 354 585 400 [et
605 353 691 402 R]
718 353 783 398 τοῖς
813 350 978 392 omittit
1006 350 1154 392 Arch.
1211 352 1242 391 l.
1264 353 1303 394 8.
1321 351 1379 393 γὲν

62 407 250 463 mma-dv)
278 410 336 449 τᾶν
360 422 451 449 non
480 410 644 449 habent
664 406 776 449 Ask.
803 408 940 448 Pass.
968 406 1021 448 V
1018 405 1115 448 ind.
1135 420 1283 459 neque
1301 421 1381 448 ne-

62 464 274 505 cessarius
299 470 361 504 est
380 464 668 504 articulus.-
691 463 870 503 Rectius
886 470 1039 511 *tamen
1059 463 1259 517 agnoscit
1276 477 1383 503 eum

62 520 122 561 F.
140 533 242 560 cum
263 517 424 561 Paris.
446 525 490 558 et
509 518 623 558 aliis.
678 515 799 558 Ibid.
821 515 936 570 δυῶν)
953 518 1025 559 Sic
1038 518 1094 559 F.
1109 524 1218 571 puto
1236 526 1279 559 et
1297 517 1380 559 alii

62 589 173 616 mss.
191 582 285 616 tum
300 577 368 615 ed.
386 575 497 616 Ald.
515 574 670 627 Sceph.
685 579 726 613 et
745 573 929 632 Schaes.
952 573 1032 625 δυᾴῖν
1050 574 1119 614 ed.
1145 575 1297 615 PVess.
1314 573 1380 614 io-

59 636 107 671 ta
126 645 180 672 ex
202 633 270 672 ed.
289 631 523 687 Iungerm.
543 638 814 684 propagato,
837 631 959 682 quod
981 638 1022 669 et
1044 637 1226 669 tenuere
1246 626 1380 671 Reiz.

15 729 17 736 ,
59 692 107 727 et
129 687 277 728 Borh.
298 685 369 726 Sic
392 697 541 725 rursus
562 698 596 724 c.
620 699 686 736 90.
711 686 741 724 l.
758 698 796 736 4.
816 693 857 725 et
880 687 917 726 8.
978 685 1007 724 l.
1030 700 1054 737 9
1069 700 1156 739 seq.
1176 688 1213 726 ἐκ
1231 686 1317 736 τοῦ)
1345 685 1379 732 ἐξ

60 738 100 784 οἶ
115 743 176 783 F·
230 743 258 782 l.
290 757 352 780 ιι.
378 740 574 793 Βίσπορον)
596 742 723 782 Πέντον
751 740 888 780 Arch.
921 740 1079 781 Valla.

14 793 17 799 .
119 796 266 840 CAP.
278 792 502 837 XC.Lin.
523 799 559 836 3.
579 801 637 836 ux)
658 796 830 850 οἷνδροίσι)
851 797 985 837 Abest
1000 798 1044 835 h.
1059 797 1089 836 l.
1103 801 1162 837 καὶ
1176 796 1233 838 F'·
1291 796 1320 835 ἶ.
1336 806 1376 846 4.

62 853 124 893 εἷο-ἲ
153 852 193 893 δὲ
215 871 239 891 οι
251 852 354 892 tiro&
384 850 508 891 Med.
521 851 656 892 Pass.
669 852 780 893 Ask.
809 851 991 899 [nescio
1012 866 1070 892 an
1087 851 1268 893 Pb.Pe.
1283 851 1376 892 Pd.

12 958 14 963 Ι
60 903 123 947 ὶῖσῖ
151 906 183 947 δὲ
205 907 324 947 τούτου
354 904 500 947 Vind.
524 907 671 947 ΑῙὌῘΖ.
701 908 848 956 [Pd.]
882 909 1030 963 Vulgo
1061 910 1120 948 εἷο-ἶ
1146 910 1214 958 γάρ
1243 907 1376 947 τούτου.

12 976 14 985 ·
56 960 230 1017 Adtigit
245 963 353 1002 haec
369 963 591 1003 Eustach.
612 963 660 1002 in
674 965 857 1002 Homer.
875 977 919 1015 p.
941 966 1064 1015 1263,
1090 967 1154 1005 32.
1171 984 1226 994 —
1244 963 1310 1002 Ἰλ.
1324 962 1377 1011 χ’.

57 1030 105 1070 p.
129 1020 259 1070 1362,
280 1034 293 1056 ι
307 1021 327 1059 3
343 1031 466 1069 seqq.
485 1019 554 1057 ed.
572 1020 667 1059 Bas.
724 1020 755 1057 l.
776 1020 812 1057 5.
833 1020 959 1058 αὐτέων
978 1018 1024 1058 in
1045 1018 1183 1059 soem.
1194 1031 1295 1072 gen.
1313 1023 1376 1057 te-

56 1078 136 1112 net
158 1073 215 1113 F.
242 1086 344 1113 cum
368 1075 426 1113 al.
484 1074 514 1113 l.
546 1078 586 1115 6.
604 1075 774 1128 Ἡραίου)
799 1075 948 1114 Habet
966 1073 1072 1114 hinc
1090 1073 1376 1129 Stepk.Byz.

49 1127 216 1181 'Hpouom
241 1128 343 1174 πόλις
369 1129 520 1180 Θρᾴκης.
560 1130 732 1169 Desunt
753 1142 860 1169 vero
883 1128 931 1168 in
952 1131 1009 1169 F.
1030 1131 1167 1170 verba
1188 1131 1220 1176 ἐξ
1238 1132 1376 1179 ‘Hpoea'ou

57 1196 163 1224 cum
182 1183 421 1224 duodecim
445 1197 569 1236 seqq.
635 1185 665 1224 l.
688 1191 724 1226 8.
751 1186 890 1236 ἦμερέων
914 1184 1021 1225 defit
1047 1184 1095 1225 in
1115 1183 1263 1225 Arch.
1282 1196 1377 1223 ma-

54 1238 115 1280 le·
179 1240 209 1278 l.
231 1253 268 1291 9.
285 1238 537 1290 Κοντάδεσὲον)
556 1239 781 1281 Κοντοίὸεω-ον
797 1238 947 1281 ΑῙὌῘΖ.
972 1238 1118 1281 Vind.
1141 1240 1312 1286 Valla‚·
1334 1245 1377 1279 et

54 1293 119 1337 sic
135 1294 298 1336 deinde
315 1295 372 1333 ad
385 1296 593 1335 eumdem
616 1297 817 1335 modum.
874 1296 904 1335 l.
928 1311 988 1336 ιι.
1009 1296 1125 1347 πάλι)
1144 1296 1244 1336 πόλει
1262 1296 1321 1336 F.

112 1349 406 1393 CAP-XCI.
421 1347 531 1391 Lin.
544 1363 585 1400 4.
605 1353 788 1402 ἐγγράψας
805 1349 955 1391 Arch.
984 1349 1120 1392 Vind.
1142 1350 1189 1393 A
1193 1351 1253 1392 ld.
1279 1352 1375 1392 12oe

55 1402 142 1447 ris.
157 1406 217 1448 A.
241 1407 297 1447 B.
316 1407 438 1458 quod
461 1406 628 1447 servari
655 1406 811 1448 debuit
832 1408 892 1447 ob
919 1408 1208 1448 adludentem
1232 1404 1377 1449 Liba-

54 1458 205 1503 nium.
236 1462 382 1513 γράψας
401 1461 527 1502 Med·
549 1463 685 1504 Pas-5.
707 1461 821 1504 Ask.
841 1486 896 1494 —-
917 1470 960 1503 et
983 1464 1039 1503 Ε
1114 1463 1143 1501 l.
1171 1477 1211 1515 9.
1239 1462 1376 1512 ἄριστός

56 1535 99 1558 τε
130 1521 190 1558 καὶ
215 1515 434 1572 κάλλιστος)
453 1518 637 1565 udum-og
663 1522 724 1558 καὶ
751 1517 884 1570 ἄριστος
908 1520 960 1562 F·
1015 1515 1139 1562 Jbid.
1168 1515 1376 1570 οἷνθρῶπων)

55 1583 180 1635 ἀνδροῖν
204 1583 294 1626 Pd.
317 1584 647 1638 compendiose
677 1576 761 1626 οέιῖοἷ
783 1586 840 1626 F.
907 1586 937 1625 l.
963 1598 1026 1626 12.
1051 1589 1123 1625 ταῦ
1134 1582 1275 1638 τοιδιὲ)
1302 1582 1377 1624 Sic

53 1639 203 1683 Areh.
225 1642 297 1689 [et
316 1638 422 1680 inde
440 1640 506 1681 ed.
533 1639 711 1695 Wess.]
734 1643 884 1697 Vulgo
908 1644 1024 1682 ταῦτα
1046 1640 1092 1681 δέ.
1111 1662 1166 1673 -
1186 1639 1258 1681 Sic
1276 1639 1377 1691 qui-

55 1697 163 1737 dem
179 1696 235 1736 F.
254 1696 332 1736 sed
355 1709 408 1736 ex
428 1694 590 1737 Paris.
619 1696 685 1737 nil
709 1703 927 1738 notatum.

114 1749 260 1793 CAP.
279 1749 440 1793 XCII.
455 1749 564 1792 Lin.
587 1768 624 1792 1.
645 1755 673 1798 ἐς
690 1752 828 1808 ἄλλον)
850 1755 913 1793 ἐπ’
930 1752 1035 1792 ἄλλον
1054 1750 1203 1793 Arch.
1228 1750 1280 1792 V
1277 1748 1376 1791 ind.

53 1806 180 1848 haud
209 1808 340 1846 male·
408 1808 438 1846 l.
456 1819 493 1847 2.
521 1806 725 1862 Ἀςτιο-κδς)
755 1809 938 1860 'Apum-20¹4·
960 1808 1087 1849 Med.
1112 1807 1220 1847 Ask.
1242 1830 1297 1838 —
1326 1806 1376 1846 F.

56 1862 132 1903 Ib.
159 1863 195 1909 ὃς
216 1861 303 1913 διοὲ)
327 1861 400 1903 Sic
416 1862 564 1904 Arch.
588 1865 725 1905 Pass.
749 1886 804 1896 -
822 1871 865 1905 et
886 1864 1038 1904 F.Pc.
1071 1876 1183 1915 quos
1200 1868 1377 1903 secutus

54 1931 171 1959 sum.
193 1917 284 1957 Alii
299 1930 454 1959 omnes
468 1920 606 1974 vulgo
625 1918 659 1965 ἒς
674 1919 719 1962 δή
735 1919 804 1959 ἓνοὶ.
859 1919 1022 1960 Ead.l.
1034 1919 1213 1970 Ὀδρυσέων
1235 1915 1377 1958 Vind.

56 1973 208 2016 Arch-
223 1979 354 2014 recte.
380 1973 504 2014 Olim
521 1975 770 2027 'OSpvrn-'B'u—
791 1974 863 2015 Sic
882 1975 930 2016 F.
988 1975 1017 2014 l.
1034 1987 1073 2025 4.
1093 1974 1242 2025 χωρίον)
1269 1976 1375 2024 χοῖρον

58 2043 214 2086 margo
234 2028 389 2083 Steph.
404 2028 517 2071 Ask.
533 2031 670 2072 Pass.
691 2052 745 2063 —
771 2031 824 2072 F.
848 2031 937 2072 Pd.
957 2032 1034 2071 sed
1061 2029 1199 2069 iidem
1219 2041 1376 2069 omnes

59 2099 166 2126 mox
181 2090 312 2137 χωρίον.
368 2085 397 2124 l·
422 2099 462 2136 7-
486 2083 688 2139 μεγάλους)
714 2090 875 2132 μεγάλων
893 2086 1008 2127 Ask.
1029 2085 1153 2127 Med.
1171 2085 1377 2126 Pas-5.—

55 2148 100 2182 et
119 2142 168 2182 F.
190 2142 314 2193 quod
336 2140 482 2182 Gron.
506 2140 555 2181 in
577 2148 834 2182 contextum
858 2142 1044 2193 quidem
1065 2154 1156 2181 non
1183 2139 1375 2194 recepit,

53 2199 134 2239 sed
154 2203 203 2237 ut
231 2210 389 2236 verum
414 2195 615 2236 defendit
646 2196 695 2236 in
727 2197 875 2238 Notis:
905 2196 999 2239 scil.
1020 2209 1215 2253 magnos
1239 2195 1376 2237 fuisse

54 2250 237 2307 lapides
261 2266 316 2293 ex
343 2264 396 2292 eo
423 2251 616 2308 intelligi
637 2252 720 2305 ait,
749 2255 872 2304 quod
899 2266 992 2293 non
1018 2252 1159 2295 βοέλλειν
1186 2258 1264 2292 aut
1289 2271 1379 2298 συμ-

55 2310 198 2352 βοέλλειν
219 2307 345 2361 illos,
365 2309 444 2348 sed
464 2311 597 2356 τιθέναι,
613 2308 774 2349 Darius
793 2308 988 2350 iussisset
1007 2307 1198 2357 milites3
1221 2306 1378 2365 ingen-

60 2371 128 2405 tes
158 2370 308 2404 autem
334 2363 469 2405 fuisse
499 2365 713 2405 cumulos
743 2379 825 2418 per
851 2378 898 2405 se
921 2364 1090 2419 patere.
1157 2364 1188 2403 l.
1214 2370 1250 2404 8.
1275 2365 1378 2404 οἰπέ-

58 2432 80 2458 λ
93 2438 143 2460 οιυ
155 2437 191 2459 νε
232 2417 379 2461 Vind.
399 2419 549 2461 Areh.
568 2442 614 2450 -—
641 2433 753 2472 quos
771 2427 946 2462 secutus
959 2435 1060 2463 sum
1077 2433 1179 2461 cum
1196 2415 1377 2476 Schaqfi

60 2475 290 2518 οέπ-λλαυνε
313 2475 380 2515 ed.
407 2477 555 2516 Wess.
575 2489 676 2516 cum
701 2476 814 2517 aliis.

115 2529 264 2572 CAP-
292 2530 484 2574 XCIII·
518 2529 630 2573 Lin.
661 2545 701 2573 2.
733 2530 1030 2586 ἀθανατίζοντας)
1066 2532 1379 2580 ἀπαθανατίζοντας
