1791 3052
278 250 364 298 IN
400 248 833 297 HERODOTI
870 248 1018 297 LIB.
1058 249 1171 295 111.
1332 250 1395 299 53

81 369 125 405 et
146 365 202 405 F*-
235 365 393 404 Nescio
426 378 482 404 an
512 361 698 412 Parim
730 365 820 402 Nec
850 375 958 402 vero
991 361 1251 402 inusitatum
1281 364 1396 414 ᾗέσαν.

79 444 135 451 —-
154 421 277 472 quod
296 420 509 460 nimirum
528 421 690 458 habent
712 418 832 457 Edd.
850 425 951 457 ante
981 419 1129 458 Wess.
1187 419 1216 457 l.
1245 431 1284 468 4.
1305 422 1396 458 στεί-
1462 427 1479 443 ⁶·

85 494 200 525 χοντξς
223 474 384 516 Paris.
398 476 457 518 A.
474 476 527 514 B.
546 473 693 514 Arch·
723 471 928 513 Vindob.
952 473 1058 512 ΑΜ.
1085 475 1202 523 [F]
1227 477 1396 520 στίχοντες

85 531 209 572 Med.
229 531 336 571 Ask.
403 532 433 569 l.
460 533 499 569 6.
524 528 665 570 ἐδίδοσαν
690 525 821 573 αὖτίς
851 539 946 575 σφισι
969 528 1122 582 λόγους)
1159 528 1230 569 Sic
1246 527 1395 569 Areh.

92 583 239 638 Vind.
258 610 312 617 -
328 591 371 625 et
388 587 476 627 Pa.
493 585 576 624 Pe.
601 585 723 635 quod
747 585 927 638 vulgato
952 584 1132 624 αὐτοῖσί
1151 595 1246 631 σφισι
1264 596 1396 636 prae-

80 641 201 681 ferre
220 642 340 680 haud
360 639 573 680 dubitavi.
612 638 820 678 Refertur
846 641 932 679 hoc
953 640 1008 676 ad
1033 637 1082 678 id
1111 639 1233 691 quod
1257 639 1396 677 modo

83 695 254 738 dixer‘at
281 697 323 742 ὦς
342 695 595 739 ἐβουλεύσαντο,
624 695 746 746 quod
775 694 922 747 ipsum
944 693 1064 733 idem
1090 697 1206 735 valet
1226 707 1276 733 ac
1296 692 1394 734 ἐδίδο-

83 752 148 792 σοίν
167 761 261 796 σφισι
287 750 429 801 λόγους,
460 764 495 789 c.
524 763 596 801 71,
627 765 641 788 1
660 764 751 801 seq.
808 751 837 789 l.
864 752 903 790 8.
934 750 1117 795 κελεύοντες
1144 752 1340 799 ἑπερβοιλ
1359 752 1393 787 ε’-

82 804 215 859 σθαι)
245 805 317 845 Sic
337 805 447 846 Ald.
475 804 622 845 Arch.
660 804 807 845 Vind.
835 802 994 845 Paris.
1009 805 1069 845 A.
1086 806 1142 845 B.
1171 803 1392 845 Eustath.

82 860 131 900 in
153 861 239 900 Od.
264 875 308 913 p.
342 874 439 910 1441
458 888 468 905 ‚
501 862 566 899 61.
595 863 664 912 [p.
686 875 762 913 9ο,
791 873 855 910 44.
888 862 956 900 ed.
985 858 1103 913 Bas.]
1133 862 1392 911 ὑπερβαλέεσθαι

81 912 323 956 Μεᾱ.Α.ςᾹ).
341 916 473 956 Pass.
497 918 729 955 commode
759 916 919 956 minus.
937 917 1091 956 KVEss.
1112 940 1166 947 —
1192 914 1392 955 Priorem

77 969 344 1023 scripturam
361 978 535 1011 secutus
553 978 615 1010 est
634 973 783 1011 Wess.
803 979 844 1011 et
861 979 1042 1011 tenuere
1058 978 1157 1023 post
1177 984 1279 1011 eum
1294 969 1393 1019 alii3

77 1039 162 1066 nec
182 1028 300 1066 male
329 1026 496 1077 utique.
536 1028 627 1066 Nec
654 1033 800 1066 tamen
822 1040 1000 1079 prorsus
1025 1026 1085 1065 ita
1113 1028 1279 1066 habent
1298 1026 1394 1065 P-a-

80 1078 250 1127 risini,
271 1083 328 1120 ad
349 1095 461 1133 quos
488 1082 566 1121 ille
587 1082 866 1134 provocavit.
896 1084 1008 1122 Nam
1028 1081 1075 1120 in
1093 1083 1177 1123 Pe.
1198 1080 1305 1132 (qui
1325 1078 1394 1119 illi

78 1144 142 1177 est
153 1134 312 1177 Paris.
327 1137 408 1188 A.)
425 1136 631 1178 scribitur
649 1139 938 1188 ὑπερβάλλεσθαι,
967 1138 1014 1176 in
1034 1137 1122 1177 Pa.
1140 1150 1246 1177 vero
1259 1167 1270 1188 ,
1290 1133 1394 1189 (qui

80 1191 151 1233 illi
165 1190 414 1246 Paris-B.)
431 1195 697 1243 ὁπερίέκλλέσθκι
718 1192 793 1233 Sic.
818 1195 901 1232 MS.
915 1193 971 1232 F.
988 1206 1094 1232 vero
1110 1194 1393 1239 ὖπερβοιλλέεα-θαι

78 1249 226 1288 habet.
266 1249 405 1288 Paulo
436 1254 537 1301 post
565 1261 673 1287 vero
702 1245 764 1300 (l.
791 1248 885 1300 10.)
912 1247 960 1286 in
990 1248 1258 1298 ὑπερί-,ὀέλλεσθοιι
1287 1259 1393 1285 con-

78 1301 274 1343 sentiunt
302 1318 469 1344 omnes.
538 1303 567 1342 l.
591 1305 629 1343 8.
661 1302 742 1347 μηδὲ
763 1301 958 1356 οἰδεόντων)
987 1303 1035 1347 μὴ
1060 1303 1090 1342 δὲ
1116 1303 1221 1342 Ask.
1240 1303 1288 1347 'un‘
1309 1300 1341 1340 δέ
1365 1303 1392 1340 οἵ

81 1357 214 1399 δεόντων
236 1358 341 1399 Ald.
365 1358 504 1398 Arch.
550 1357 740 1398 Meliora
766 1356 1051 1400 Eustachius
1069 1387 1080 1402 ‚
1109 1359 1218 1397 haec
1248 1356 1393 1396 adtin-

80 1427 189 1469 gens
214 1414 243 1454 1.
261 1428 298 1454 c.
312 1417 424 1455 WEs
437 1428 468 1454 s.
484 1438 539 1445 —
569 1416 740 1465 Nempe
764 1421 881 1454 recte
902 1413 1266 1454 habetEustath.
1281 1411 1395 1451 sicut

80 1468 228 1509 editur
259 1469 365 1510 inde
392 1471 446 1510 ab
479 1469 547 1510 H.
575 1469 730 1522 Steph.
780 1472 832 1509 Et
859 1469 929 1509 ¹sic
962 1483 1041 1509 ms.
1067 1470 1123 1509 F.
1149 1482 1249 1508 cum
1280 1466 1407 1506 aliis-¹

81 1525 112 1564 l.
137 1537 200 1564 12.
232 1528 398 1570 αἰγυπιῶν
427 1525 527 1565 citat
549 1538 602 1565 ex
621 1526 666 1564 h.
691 1526 722 1564 l.
739 1523 925 1565 Suidas.
990 1522 1112 1565 Ibid.
1135 1522 1295 1564 ἓιῶκοντοέ
1322 1521 1392 1574 τε)

81 1579 259 1620 Omittit
281 1599 316 1621 τε
345 1582 457 1622 Ask.
488 1580 555 1634 [et
570 1582 657 1631 E]
689 1582 766 1621 sed
795 1582 927 1620 habet
951 1584 1010 1620 καὶ
1032 1580 1194 1619 flamm-22
1219 1596 1259 1618 τε
1290 1591 1394 1618 cum

82 1635 283 1677 Pass.-
311 1636 382 1676 Sic
396 1643 438 1677 et
452 1638 508 1677 F.
525 1637 772 1676 commode.
832 1637 862 1676 I.
881 1649 943 1685 14.
962 1635 1060 1678 ἤϊσαν
1077 1634 1225 1676 Arch.
1246 1633 1298 1675 V
1295 1632 1394 1673 ind.

83 1692 220 1747 ems·
248 1699 291 1731 et
311 1705 418 1732 mox
442 1691 621 1732 iterum.
646 1691 748 1739 [Sic
769 1705 917 1731 rursus
938 1692 994 1732 F.
1020 1697 1061 1729 et
1080 1688 1179 1744 hic,
1211 1695 1253 1729 et
1281 1702 1316 1728 c.
1341 1700 1396 1739 77⁷

82 1753 190 1786 extr.
217 1752 266 1786 ut
288 1760 421 1800 supra
445 1748 473 1786 l.
503 1751 570 1796 3.]
593 1747 696 1798 ᾖέσοιν
724 1745 834 1787 Ald.
865 1754 907 1785 et
931 1745 1021 1785 alii.
1085 1747 1116 1785 l.
1144 1747 1203 1786 15.
1235 1747 1393 1794 τεθαρτκ-

80 1801 207 1856 κότες)
227 1801 299 1841 Sic
315 1803 463 1843 Areh.
488 1811 529 1842 et
557 1800 762 1843 Vindob.
777 1823 831 1831 —
852 1803 972 1841 unde
1000 1802 1088 1841 hoc
1115 1799 1265 1854 recepi
1291 1812 1394 1838 cum

80 1855 262 1914 Schaes.
282 1864 323 1898 et
347 1859 494 1899 Borlz.
524 1858 652 1898 Conf.
678 1859 807 1897 Koen
830 1859 886 1897 ad
908 1859 1101 1913 Gregor.
1126 1856 1242 1896 Dial.
1264 1854 1394 1894 Attio.

82 1911 120 1966 §-
139 1916 204 1954 82.
238 1915 386 1968 Vulgo
404 1914 640 1962 τεθαῤῥκκότες.

139 1968 287 2011 CAP.
307 1969 567 2011 LXXVII.
586 1967 693 2010 Lin.
712 1983 746 2007 ι.
766 1965 987 2020 Ἐπιστᾶἷσι)
1008 1967 1227 2012 Ἐπισ-τοέντες
1242 1965 1392 2006 Arch-

81 2047 137 2056 -—
159 2037 295 2076 quam
317 2025 554 2064 οένακολουθίαν
577 2025 852 2076 amplexatus
873 2031 933 2063 est
953 2019 1229 2078 Schaeferus
1242 2051 1259 2069 ‚
1284 2020 1396 2061 levi-

83 2087 148 2121 ter
175 2078 376 2120 inei'dens
404 2080 651 2120 orationem
676 2087 776 2132 post
805 2080 929 2124 πύλας.
995 2078 1024 2117 Ι.
1047 2079 1082 2116 5.
1104 2075 1293 2131 παρίεσαν)
1320 2095 1395 2116 ποι-

81 2140 208 2188 peluem
225 2134 333 2176 Ald.
399 2133 518 2174 [bid.
542 2136 700 2186 ἐπειρώτα
720 2135 867 2175 Arell.
893 2131 1032 2174 Villd.
1063 2132 1193 2173 Pass.
1223 2134 1275 2172 In
1296 2131 1397 2173 aliis

85 2191 250 2242 ἐπηρώτα.
316 2191 343 2229 l.
375 2194 413 2231 6.
438 2194 508 2230 ἐπεί
525 2208 559 2230 τε
578 2189 608 2229 δὲ
628 2191 825 2241 παρῆλθον)
855 2189 926 2230 Sic
946 2202 1026 2229 ms.
1043 2188 1100 2229 F.
1120 2202 1253 2239 quenl
1273 2202 1396 2229 secu-

83 2253 152 2285 tus
172 2259 284 2286 sum.
314 2247 462 2300 Vulgo
479 2248 548 2285 ἐπεί
566 2263 601 2284 τε
613 2244 643 2284 δὲ
662 2250 720 2283 καὶ
733 2248 913 2295 παρνῖλθον.
970 2245 998 2283 l.
1015 2244 1255 2295 9.πυλούροια·ι
1269 2243 1393 2284 Med.

83 2302 219 2343 Pass.
238 2301 346 2342 Ask.
382 2306 561 2352 πυλωροῖσι
590 2300 702 2342 Ald.
729 2300 877 2340 Areh.
913 2300 964 2341 V
962 2297 1058 2340 ind.
1082 2323 1136 2330 —
1180 2300 1397 2339 Mendose

87 2362 300 2407 πυλουργοῖσι
325 2357 378 2396 F·
1202 2366 1205 2369 '

140 2410 288 2453 CAP·
306 2410 595 2452 LXXVIII.
620 2407 728 2451 Lin·
752 2426 786 2450 1.
808 2411 911 2457 ἐόντες
930 2430 973 2452 τε
1000 2410 1123 2452 Med.
1137 2411 1273 2451 Pass.
1284 2407 1396 2449 Ask-

84 2465 231 2507 Arch.
253 2463 399 2507 Vind.
420 2468 504 2517 [F.
519 2474 628 2519 puto
646 2473 687 2506 et
710 2464 890 2520 Paris]
912 2467 1058 2521 Vulgo
1075 2465 1305 2505 deficiebat
1322 2477 1399 2502 en-

38 2547 44 2549 >
84 2521 246 2563 clitica.
301 2522 331 2562 l.
355 2534 391 2562 2.
414 2522 480 2562 ἔσω
501 2522 645 2565 Arch.
675 2519 821 2565 Vind.
851 2523 998 2577 Vulgo
1022 2523 1110 2562 εἵσω.
1167 2520 1236 2563 Ib.
1259 2517 1398 2571 Πρηξί-
