1760 3042
335 246 429 294 242
532 228 954 285 VARIETAS
996 226 1441 279 LEchNIS

329 354 636 402 propagatam.
676 344 852 386 Mireris
879 344 1085 397 quidem,
1118 343 1386 396 scripturam
1411 345 1664 395 καταστρέψεὲ-

330 408 406 444 σθαι
429 417 456 443 a
478 399 792 458 Wesselingio
814 401 862 440 in
878 400 1098 442 Varietate
1121 399 1326 440 lectionis
1348 413 1401 438 ex
1421 399 1548 438 nullo
1574 412 1644 439 co-

330 458 428 499 dice
450 473 541 499 esse
560 460 837 497 adnotatam:
859 462 922 507 at,
939 456 1318 507 quemadmodum
1340 453 1427 507 ipsi
1443 453 1552 495 Viro
1570 455 1646 501 do-

330 513 524 555 ctissimo
544 512 705 553 accidit
723 518 773 551 ut
796 525 849 551 ex
876 509 1058 551 Aldina
1089 510 1285 550 editione
1311 512 1525 549 adnotare
1544 522 1643 551 eam

327 569 599 624 negligeret,
635 568 698 608 sic
729 568 885 606 eadem
914 567 1157 619 scripturae
1191 564 1484 618 discrepantia
1512 563 1646 604 facile

328 623 524 679 effugere
559 623 707 676 potuit
736 621 1092 661 observationem
1124 621 1331 672 illorum,
1365 619 1445 671 qui
1474 620 1644 659 Wesse-

326 680 460 735 lingii
483 692 632 718 caussa
658 676 832 717 codices
857 684 1011 716 msstos
1035 684 1332 717 excusserunt.
1363 677 1520 715 Noster
1544 673 1644 726 qui-

329 738 431 776 dem
450 736 591 774 codex
603 735 658 773 F.
672 731 906 785 perspicue
925 735 1219 782 καταστρέψεσθαι
1238 730 1441 783 exhibet,
1465 731 1643 770 eadem-

329 805 416 843 que
437 789 654 841 scriptura
674 802 727 828 ex
749 788 878 826 codd.
899 787 987 827 Pa.
1008 793 1049 825 et
1063 786 1149 826 Pb.
1167 794 1341 826 enotata
1357 793 1442 834 est3
1464 799 1546 825 nec
1567 787 1645 825 du-

326 847 422 886 bito
451 845 549 884 fore
579 851 628 884 ut
651 844 698 883 in
727 842 827 881 aliis
858 841 991 881 etiam
1027 841 1277 893 codicibus,
1309 841 1348 881 si
1382 840 1643 895 diligentius

326 901 497 941 fuerint
523 898 711 950 excussi,
736 899 891 937 eadem
911 897 1168 949 reperiatur.
1207 898 1261 936 In
1286 911 1356 948 re,
1382 910 1496 948 quae
1522 897 1646 936 haud

326 957 390 996 ita
415 954 567 1009 magni
589 969 679 995 esse
698 952 913 992 momenti
934 959 1008 991 aut
1029 951 1206 992 brevius
1229 953 1385 992 saltem
1403 951 1646 1005 expedien-

328 1014 383 1052 da
404 1010 549 1050 videri
570 1016 764 1063 poterat,
794 1009 930 1060 paulo
956 1007 1023 1046 fui
1049 1007 1251 1062 longior3
1285 1007 1501 1059 quoniam
1522 1009 1646 1047 hunc

329 1068 537 1108 eumdem
568 1062 812 1106 Herodoti
842 1065 1020 1114 locum,
1055 1062 1198 1114 qualis
1231 1061 1280 1101 in
1309 1060 1646 1119 Schaeferiana

328 1122 563 1163 exhibetur
589 1120 811 1165 editione,
847 1118 1034 1172 dignum
1065 1118 1234 1158 censuit
1261 1117 1541 1158 doctissimus
1564 1116 1647 1159 Vir

328 1179 658 1222 Hermannus,
677 1189 810 1227 quem
830 1174 878 1213 in
901 1174 1024 1213 Notis
1043 1175 1099 1212 ad
1121 1172 1350 1231 Viget-um
1369 1187 1414 1226 p.
1431 1174 1526 1224 756.
1546 1182 1646 1212 ver-

328 1235 518 1273 botenus
535 1231 802 1271 adscriberet
827 1260 852 1281 ,‚
867 1243 958 1280 quo
982 1237 1149 1281 pateret
1169 1244 1303 1281 quam
1329 1229 1514 1268 licenter
1533 1227 1647 1267 aori-

327 1289 403 1330 stis
425 1295 605 1327 utantur
623 1285 825 1326 Graeci-‘⁶
856 1287 1026 1336 Nempe
1051 1285 1294 1325 videndum
1318 1283 1486 1337 potius,
1515 1297 1573 1323 ne
1591 1297 1646 1324 ex

330 1345 489 1385 eodem
511 1346 597 1383 hoc
617 1345 717 1382 loco
740 1348 907 1394 pateat,
943 1354 1076 1391 quam
1098 1340 1284 1380 licenter
1303 1339 1466 1393 passim
1490 1340 1648 1392 expul-

328 1414 374 1441 sa
405 1399 540 1439 fuerit
576 1399 631 1438 ab
659 1395 915 1437 Editorihus
953 1396 1149 1450 genuina
1185 1402 1385 1435 veterum
1411 1400 1648 1435 auctorum

329 1455 560 1507 scriptura.
619 1455 647 1492 l.
671 1466 731 1503 14.
758 1452 994 1503 εἴκουσαν)
1020 1452 1209 1494 ’ἥκουσαν
1233 1451 1508 1492 Med-Pas&
1531 1449 1647 1491 Ask-

332 1512 448 1561 [1⁴1]
475 1510 625 1550 ἄκουσαν
643 1508 737 1548 sine
760 1514 999 1561 augmento
1018 1507 1126 1548 Ald.
1148 1507 1304 1560 steph.
1321 1514 1362 1547 et
1382 1505 1516 1547 codd.
1537 1518 1649 1545 non-

330 1565 459 1607 nulli.
477 1589 531 1596 —
562 1567 623 1604 Ex
639 1564 766 1604 Aldo
793 1561 1018 1602 revocavit
1040 1565 1125 1602 hoc
1154 1564 1305 1602 usess.
1323 1576 1405 1602 nec
1426 1561 1549 1601 aliud
1570 1562 1649 1601 ad-

330 1623 471 1663 fertur
500 1634 553 1659 ex
585 1621 714 1659 codd.
750 1615 910 1659 Paris.
984 1619 1014 1657 l.
1050 1620 1110 1657 15.
1142 1617 1306 1664 ἀπέδεξαν
1335 1619 1471 1659 Pass.
1497 1616 1649 1659 Arch.
1706 1656 1709 1659 ,

341 1676 549 1718 Vindob.
571 1677 660 1715 duo
686 1672 811 1715 Brit.
833 1687 985 1727 margo
1011 1673 1167 1726 Steph.
1189 1675 1272 1716 (F.
1290 1671 1478 1725 Paria]
1505 1675 1648 1713 Antea

334 1732 551 1778 ἀπεδέξαντο.
609 1731 638 1770 l.
667 1733 728 1770 16.
747 1729 848 1780 χρεών
869 1731 912 1767 h.
933 1731 963 1768 l.
986 1744 1088 1768 cum
1112 1729 1212 1768 aliis
1236 1736 1353 1768 tenet
1369 1729 1422 1769 F.
1439 1727 1518 1780 qui
1535 1726 1647 1768 alibi

333 1790 429 1838 χρεόν
445 1794 578 1826 amat.
635 1788 665 1826 l.
687 1799 749 1837 17.
770 1785 872 1834 πςᾶς
890 1787 1083 1829 Αἰγινητέων
1098 1784 1245 1825 Arell-
1267 1781 1411 1824 Vind.
1432 1783 1564 1831 [inde
1579 1783 1648 1824 ed·

344 1845 490 1883 Wess.
513 1849 554 1882 et
570 1840 850 1881 consentiunt
864 1847 974 1892 puto
991 1841 1078 1880 Pa.
1094 1841 1200 1888 Pa]
1232 1839 1359 1879 Prius
1380 1846 1471 1879 erat
1490 1840 1549 1878 ὑπ’
1568 1841 1650 1886 Aly-

334 1919 388 1930 -—·
407 1897 478 1938 Sic
497 1899 551 1937 F.
576 1896 762 1938 Ph.Pd.
790 1909 889 1934 cum
911 1894 1020 1935 Ald.
1043 1904 1082 1934 et
1110 1895 1221 1934 aliis.

392 1953 540 1994 CAP.
571 1953 671 1994 ..X-C.
703 1949 812 1992 Lln.
845 1955 881 1992 3.
919 1950 1151 2003 ἔγειρᾶμενῡν)
1184 1950 1353 1994 ’γενόμενον
1387 1962 1466 1989 ora
1492 1948 1649 2003 Steph-

337 2009 483 2050 Arelz.
512 2006 656 2048 Vinci.
671 2005 797 2048 Brit.
814 2008 918 2045 duo.
936 2028 987 2036 —-
1009 2006 1079 2046 bic
1096 2014 1136 2045 et
1154 2006 1240 2045 Pa.
1255 2005 1341 2046 Pb.
1353 2006 1438 2046 Pe.
1460 2006 1535 2045 sed
1550 2007 1651 2046 vul-

337 2072 487 2119 gatum
517 2078 618 2104 cum
643 2063 739 2102 aliis
764 2068 910 2101 tuetur
929 2062 984 2101 F.
1009 2061 1086 2113 qui
1108 2063 1242 2114 paulo
1267 2069 1367 2100 ante
1394 2059 1558 2100 omittit
1585 2062 1651 2102 αὖ·

338 2125 446 2170 τοῖσι,
477 2121 598 2171 quod
619 2118 800 2170 quidem
828 2118 954 2156 nullo
979 2117 1269 2156 incommooo
1295 2119 1444 2156 abesse
1464 2123 1651 2169 poterata

341 2175 368 2214 l.
397 2175 436 2215 4-
466 2179 492 2215 οἱ
515 2174 771 2217 Λακεδαιμόνιοι
793 2172 940 2212 ΑΓΟῘΙ.
967 2171 1164 2213 Vindob.
1198 2174 1357 2212 Deerat
1385 2175 1412 2211 οἱ
1435 2171 1577 2212 editis.
1594 2194 1650 2204 —

341 2231 474 2269 Deest
494 2229 623 2270 etiam
645 2230 700 2268 F.
732 2229 880 2268 nescio
902 2242 956 2267 an
976 2227 1136 2268 Paris.
1194 2226 1315 2267 [bid.
1333 2226 1650 2282 Ἀλκμαιωνιδέων)

339 2286 527 2330 Ἀλκμεων.
551 2292 800 2324 constanter
817 2285 872 2323 F.
893 2285 1016 2334 quod
1035 2283 1237 2336 superius
1260 2285 1475 2322 adnotare
1500 2285 1650 2338 negle-

343 2340 401 2379 xi.
458 2342 485 2379 l.
509 2355 547 2392 7.
572 2340 623 2379 ἔτι
652 2338 721 2391 τε)
757 2341 996 2390 Pcrperam
1021 2340 1072 2379 ἔτι
1101 2339 1131 2379 δὲ
1153 2340 1208 2379 F.
1233 2338 1309 2390 qui
1345 2345 1386 2377 et
1412 2353 1513 2378 mox
1537 2349 1649 2385 σφισιν

342 2408 425 2447 pro
446 2407 526 2446 σφι,
553 2402 594 2434 et
618 2395 753 2447 paulo
777 2401 876 2447 post
900 2395 1076 2434 iterum.
1130 2394 1198 2433 lb.
1217 2392 1488 2447 ἐξεληλάκεσαν)
1509 2394 1648 2439 {bimu-

343 2450 490 2490 Arch.
513 2448 719 2491 Vindob.
776 2451 804 2488 l.
830 2464 867 2500 9.
892 2448 1051 2502 εύόἐμίκ)
1076 2448 1211 2494 ου’ἑεμίκ
1237 2457 1485 2489 constanter
1501 2449 1552 2487 F.
1573 2447 1651 2500 qui

345 2519 451 2546 mox
465 2509 592 2551 ἐγένετο.
603 2509 770 2558 ἐφαίνετο,
794 2506 871 2545 sed
881 2505 1005 2558 prius
1024 2506 1210 2545 verbum
1231 2505 1409 2560 punctis
1426 2511 1650 2557 notatum,
