1801 3047
338 251 432 299 532
698 246 1288 299 ARGUMENTUM

336 365 561 415 'repertum
588 358 789 416 Apidem
815 361 947 402 festos
973 360 1066 402 dies
1097 362 1372 401 celebrarent
1392 358 1645 416 Aegyptii,

337 416 388 457 in
412 416 535 457 urbis
565 416 832 470 praefectos,
863 417 910 456 in
933 416 1082 469 ipsum
1107 415 1332 468 Apidem,
1364 422 1406 456 et
1428 415 1476 455 in
1501 416 1645 457 sacer-

337 473 462 513 dotes
483 471 634 513 saevit.
647 471 719 526 (27
733 470 853 525 -29.)
882 474 990 511 Mox
1009 469 1225 511 Smerdin
1244 471 1424 511 fratrem
1445 484 1524 523 per
1545 474 1646 512 Pra-

336 528 492 580 xaspin
510 527 804 568 occidendum
824 534 968 577 curat3
985 524 1115 580 (30.)
1145 526 1240 578 ipse
1257 540 1458 566 sororem
1475 539 1646 580 germa-

336 596 442 623 nam
464 584 755 634 eamdemque
768 595 953 621 uxorem
971 581 1156 621 occidit:
1174 580 1269 635 (31.
1289 579 1382 634 32.)
1412 581 1493 621 uhi
1510 582 1644 622 etiam

337 638 524 678 refertur
544 635 756 678 iudicum
778 634 1018 693 regiorum
1037 638 1090 676 dc
1106 636 1390 676 matrimonio
1408 635 1522 690 regis
1541 651 1646 677 cum

336 706 489 734 sorore
518 706 794 745 responsum.
832 694 963 732 Sacro
997 693 1157 731 morbo
1190 705 1215 731 a
1242 691 1395 745 pueris
1421 693 1645 733 laborasse

336 748 501 788 dicitur
522 747 784 804 Cambyses.
799 746 818 800 (
831 745 927 798 33.)
958 746 1071 786 Filio
1088 746 1315 800 Praxaspis
1327 775 1338 794 ‚
1356 746 1556 787 intuente
1570 760 1646 800 pa-

338 809 427 856 tre,
462 817 538 843 cor
567 803 723 857 sagitta
750 801 978 855 transfigit.
996 800 1092 854 (34.
1109 799 1205 854 35.)
1246 802 1500 848 Croesum,
1528 805 1645 843 bene

337 866 594 899 monentem
609 888 620 910 ,
642 856 832 896 interfici
852 856 999 906 iubet;
1022 863 1244 896 servatum
1263 871 1289 897 a
1310 856 1521 899 ministris
1536 872 1645 913 gau-

339 916 434 965 det,
461 915 539 954 sed
570 915 652 953 hos
679 911 798 964 ipsos
833 918 976 951 morte
999 911 1165 963 plectit.
1186 910 1314 965 (36.)
1361 911 1573 954 Vulcani
1601 918 1646 953 et

338 966 625 1011 Cabirorum
654 966 831 1019 templis
854 965 1026 1018 illudit,
1060 965 1274 1020 signaque
1305 968 1492 1008 deorum
1522 982 1646 1009 com-

337 1023 481 1074 burit,
508 1036 600 1063 non
628 1022 824 1077 cogitans
855 1035 933 1062 sua
961 1020 1123 1072 cuique
1150 1021 1273 1076 genti
1302 1021 1502 1062 instituta
1526 1023 1644 1076 opti-

337 1093 410 1119 ma
427 1078 597 1130 videri,
626 1077 829 1130 quamvis
853 1076 1075 1117 contraria
1092 1077 1281 1117 aliarum
1303 1077 1504 1129 gentium
1523 1077 1647 1119 insti-

339 1133 466 1174 tutis:
500 1133 626 1173 cuius
652 1133 716 1173 rei
747 1132 1100 1185 experimentum
1135 1131 1295 1173 Darius
1319 1131 1367 1171 in
1393 1132 1571 1174 Graecis
1601 1140 1646 1174 et

338 1189 514 1230 Calatiis
535 1187 659 1229 Indis
679 1188 795 1228 fecit.
815 1187 911 1241 (37.
926 1185 1022 1241 38.)

391 1245 436 1285 P
449 1258 476 1285 o
490 1245 583 1302 lyc
595 1257 661 1284 ra
674 1242 754 1284 cis
797 1242 935 1282 Samii
972 1241 1217 1294 hospitium
1258 1255 1359 1281 cum
1395 1240 1646 1290 Amaside3

337 1299 470 1340 huius
493 1301 549 1340 ad
570 1299 701 1339 illum
725 1297 935 1350 epistola;
965 1299 1156 1337 annulus
1182 1297 1428 1350 Polycratis
1450 1298 1499 1338 in
1521 1311 1646 1338 mare

336 1355 562 1408 proiectus
575 1385 586 1407 ,
616 1360 658 1394 et
675 1354 723 1392 in
743 1355 843 1393 alvo
867 1352 998 1406 piscis
1016 1367 1193 1392 rursum
1213 1359 1439 1404 repertus;
1470 1366 1561 1404 quo
1584 1353 1647 1393 fa-

338 1417 409 1451 cto
435 1410 682 1464 hospitium
702 1408 836 1449 solvit
860 1408 1052 1448 Amasis.
1074 1405 1294 1460 (39-43.)
1328 1409 1645 1462 ¹Polycrates,

339 1479 452 1518 quos
481 1480 505 1506 e
536 1462 711 1507 Samiis
745 1471 968 1517 suspectos
995 1465 1152 1515 habet,
1183 1463 1394 1516 Cambysi
1424 1465 1471 1503 in
1495 1465 1646 1518 Aegy-

336 1528 465 1575 ptum
480 1521 648 1561 auxilio
675 1518 833 1559 mittit:
855 1519 933 1570 qui
953 1520 1206 1564 redeuntes,
1234 1518 1382 1570 ipsum
1401 1525 1645 1571 tyrannum

334 1577 681 1631 adgrediuntur3
707 1574 814 1614 victi
834 1574 1001 1615 auxilia
1029 1580 1186 1626 petunt
1207 1587 1232 1612 a
1258 1571 1646 1615 Lacedaemoniis

337 1629 720 1689 ostensofarinae
742 1643 880 1670 sacco
905 1643 1079 1674 vacuo,
1100 1636 1140 1668 et
1158 1629 1408 1681 impetrant.
1424 1626 1644 1681 (44-48.)

336 1690 543 1728 Caussam
576 1687 778 1726 exsulum
807 1685 1019 1725 adiuvant
1047 1682 1317 1729 Corinthii,
1349 1683 1644 1739 Corcyraeo-

338 1757 445 1782 rum
469 1741 664 1793 inimici,
684 1740 930 1792 Samiisque
944 1739 1106 1780 infensi
1120 1770 1130 1790 ,
1154 1740 1276 1791 quod
1290 1742 1646 1792 Corcyraeorum

337 1812 502 1851 pueros
526 1803 792 1848 servassent,
832 1810 944 1847 quos
968 1792 1308 1836 Periander
1338 1796 1394 1834 ad
1422 1793 1644 1846 Alyatten

336 1855 588 1895 castrandos
618 1852 807 1892 miserat.
835 1850 964 1905 (49.)
1011 1847 1338 1891 Periandri
1366 1861 1500 1900 uxor,
1533 1848 1642 1900 filii,

337 1923 484 1950 socer:
505 1908 624 1948 filius
646 1907 793 1946 minor
808 1920 832 1946 a
849 1914 970 1959 patre
990 1908 1125 1945 domo
1141 1905 1326 1955 eiectus3
1351 1910 1574 1957 postremo
1593 1904 1643 1943 in

338 1968 578 2017 Corcyram
593 1964 838 2017 ablegatus:
858 1961 1105 2014 Epidaurus
1121 1968 1391 2014 expugnata,
1408 1967 1449 1999 et
1466 1960 1644 2000 Procles

335 2033 462 2060 socer
483 2018 720 2059 Periandri
738 2025 900 2069 captus.
917 2016 935 2069 (
952 2024 1030 2058 50·-
1043 2014 1135 2067 52.)
1166 2016 1408 2055 Periander
1429 2014 1572 2055 filium
1589 2028 1643 2055 ex

335 2078 532 2127 Corcyra
547 2081 747 2125 revocat,
763 2074 838 2112 sed
856 2087 958 2112 eum
977 2070 1245 2110 interficiunt
1265 2069 1516 2123 Corcyraei.
1530 2068 1647 2122 (53.)

335 2132 526 2171 Samum
563 2134 823 2182 oppugnant
853 2126 1218 2177 Lacedaemonii,
1255 2128 1354 2177 sed,
1385 2139 1433 2165 re
1470 2124 1642 2165 fortiter

338 2187 396 2226 ab
419 2182 602 2225 Archia
624 2191 664 2223 et
683 2186 876 2238 Lycopa
896 2192 1036 2236 gesta,
1065 2181 1189 2221 irrito
1211 2190 1360 2221 tamen
1382 2188 1538 2220 conatu
1562 2181 1643 2220 do-

338 2255 462 2281 mum
491 2242 688 2279 redeunt.
710 2239 931 2292 (54-56.)
976 2239 1084 2276 Inde
1119 2234 1270 2277 Samii
1303 2238 1471 2277 exsules
1503 2233 1642 2288 Siph-

335 2310 450 2336 num
467 2294 659 2335 insulam
681 2301 900 2347 petenteS,
923 2292 1019 2332 auri
1038 2292 1298 2346 argentique
1324 2290 1515 2331 metallis
1535 2304 1644 2343 opu-

337 2353 503 2392 lentam
519 2381 531 2402 ,
554 2357 730 2389 centum
755 2350 915 2388 talenta
942 2362 966 2387 a
987 2347 1184 2399 Siphniis
1206 2347 1485 2399 exprimunt:
1516 2345 1643 2386 deni-

336 2420 450 2459 que,
477 2412 689 2457 occupata
718 2406 933 2457 Sagunto,
968 2405 1022 2442 ab
1054 2402 1276 2456 Aeginetis
1305 2401 1351 2440 in
1385 2400 1643 2442 servitutem

338 2461 641 2511 redactirsunt.
664 2458 887 2512 (57-59.)
924 2458 1025 2497 Tria
1051 2457 1241 2511 insignia
1270 2470 1404 2510 opera
1431 2456 1478 2497 iu
1501 2457 1641 2499 Samo

336 2518 504 2569 insula,
528 2516 850 2567 aquaeductus,
875 2527 1036 2567 agger,
1065 2512 1435 2566 templum.(60.)

389 2573 500 2613 Duo
520 2568 704 2629 Magi,
718 2567 930 2611 Smer-dis
955 2568 1138 2620 eiusque
1158 2568 1316 2622 frater,
1340 2573 1490 2608 contra
1514 2569 1642 2608 Cam-
