1760 3052
316 230 405 276 IN
445 226 879 277 HERODOTI
919 228 1072 287 LIB.
1119 232 1222 285 IV.
1325 231 1419 299 167

103 355 202 385 cere
229 341 535 400 diphthongos
566 342 756 384 amarint
785 344 943 394 Iones,
980 347 1128 383 tamen
1160 343 1208 383 id
1237 358 1331 386 non
1361 348 1417 387 ad

68 399 70 401 ’
99 413 312 440 nauseam
347 415 488 453 usque
515 400 668 440 fecisse
699 398 889 452 putandi
917 403 1035 438 sunt.
1089 396 1213 440 Ibid.
1245 400 1419 455 ἐπιδευέες)

99 454 172 496 Sic
193 455 330 496 Pass.
349 457 461 498 Ask.
490 468 672 509 prorsus
693 454 883 509 egregie.
914 477 966 483 —-
996 453 1067 494 Sic
1084 461 1126 494 et
1147 455 1194 493 F.
1220 469 1332 506 quos
1351 471 1421 498 se-

101 517 230 550 cutus
261 524 361 552 sum
386 526 487 552 cum
507 506 687 567 Schaef.
721 511 841 549 Nam
872 507 1005 555 ἐπιδεέες
1041 508 1089 549 in
1121 516 1327 550 contextu
1354 520 1418 552 te-

99 572 259 606 nuerat
292 568 360 607 ed.
394 567 537 607 VVess.
575 581 675 606 eum
708 565 822 606 aliis.
897 565 928 604 l.
956 576 994 614 4.
1027 563 1181 619 ἐποίευν)
1215 568 1334 606 ἐποίεον
1359 568 1416 608 Ε

97 618 222 663 .Ῑόἱᾱ.
245 623 357 663 τοιοίδε
377 622 500 664 Med.
519 622 633 663 Ask.
651 619 800 662 Areh.
830 618 969 661 Vind.
991 620 1125 661 Pass.
1141 619 1214 673 [F.
1232 619 1417 673 Paria]

100 676 226 717 Olim
260 677 395 719 τοιόνδε.
471 678 499 717 l.
531 679 567 718 5.
596 674 844 730 καταλίποιεν)
882 679 1070 716 καταλείπ.
1107 673 1254 717 Vind.
1284 701 1339 708 —
1375 687 1418 718 et
1465 699 1470 702 ·

99 732 192 774 Pa.
262 734 293 772 l.
319 747 358 784 7.
393 732 665 785 ἐλοέβεο-κον)
696 733 911 775 λάβεσκον
940 729 1212 789 ed-Schaef.
1245 733 1416 786 optime

98 787 286 840 quidem
307 802 389 842 per
411 802 480 841 se,
516 803 599 829 nec
623 788 745 828 enim
772 794 1063 843 augmentum
1089 790 1323 829 adsumere
1345 803 1416 830 so-

95 843 193 884 lent
212 844 346 884 verba
373 843 507 884 huius
531 844 727 895 formae,
760 844 975 895 (quorum
1004 857 1211 899 magnam
1239 844 1416 898 copiam

97 899 321 955 congessit
358 900 543 940 Portus
585 900 668 941 sub
711 898 840 938 titulo
885 900 990 949 σκον)
1029 906 1072 938 et
1103 899 1166 940 sic
1192 901 1417 942 ,habemus

95 955 248 998 λα’βεσκε
267 956 345 997 IV.
371 958 436 1006 78,
463 968 529 995 20.
557 953 939 996 consentientibus
968 954 1108 996 libris.
1143 956 1227 995 Sed
1250 957 1294 996 h.
1313 957 1344 996 l.
1366 956 1415 997 in

94 1010 278 1054 ἐλάβεσκον
316 1010 600 1052 consentiunt
641 1010 780 1051 iidem
811 1010 919 1051 libri
956 1023 1136 1051 omnes:
1178 1017 1222 1051 et
1254 1011 1416 1063 quidni

93 1064 285 1119 perinde
316 1068 403 1106 hoc
436 1067 502 1106 uti
531 1065 711 1107 licuerit
741 1064 1039 1107 Herodoto?
1073 1065 1195 1106 Alibi
1222 1066 1415 1108 subinde

93 1119 271 1161 variant
292 1122 486 1171 codices3
509 1123 587 1162 sed
603 1128 646 1162 et
664 1121 742 1161 lib.
757 1124 794 1162 Ι.
814 1136 852 1162 c.
871 1136 961 1172 ιοο,
979 1133 1019 1171 4.
1041 1123 1286 1167 ἐσπέμπεσκον
1312 1137 1416 1164 cum

94 1189 250 1232 augm.
270 1183 450 1217 tuentur
475 1177 581 1217 libri
602 1191 783 1230 omnes,
808 1184 851 1218 et
872 1176 993 1216 idem
1016 1176 1111 1229 ipsc
1134 1178 1289 1218 doctus
1311 1179 1416 1219 Edi-

93 1237 167 1272 ἴοι·
190 1232 344 1274 tenuit.
400 1230 523 1273 Ibid.
543 1230 718 1285 ἐπήροντο)
736 1236 904 1285 ἐπειρῶντο
928 1229 1068 1273 Vind.
1085 1231 1233 1274 Arell-
1253 1233 1410 1275 V⁷alla.

95 1287 128 1328 l.
150 1289 189 1328 8.
210 1287 450 1339 πεποιημένῳ)
475 1291 653 1338 ποιευμένῳ
673 1289 730 1328 R

108 1361 111 1363 ·
151 1342 300 1385 CAP.
337 1342 558 1385 CXXXI.
593 1341 702 1385 Lia.
728 1356 768 1394 4.
810 1342 921 1394 ἔρνιθοέ
953 1361 989 1383 τε
1016 1341 1134 1396 etc.)
1175 1344 1415 1398 Exscripsit

92 1396 368 1440 Athenaeus
384 1399 533 1440 minus
550 1405 765 1452 accurate,
784 1398 863 1439 lib.
885 1412 996 1438 vm.
1014 1414 1060 1452 p.
1073 1403 1168 1450 334.
1224 1401 1254 1440 l.
1271 1402 1310 1440 6.
1330 1404 1416 1441 ἐπει-

93 1455 208 1506 ρώτεον
238 1453 372 1495 Pas-5.
403 1455 455 1495 V
452 1452 548 1495 ind.
568 1454 718 1497 Arch.
758 1456 900 1495 Antea
933 1456 1074 1505 ἔπκρώτ.
1103 1478 1157 1487 --
1186 1455 1259 1496 Sic
1289 1463 1331 1496 et
1358 1458 1414 1498 F.

86 1506 218 1550 Ibid-
238 1508 431 1564 διδομένων)
457 1510 716 1560 &Son-‚Pasa
775 1512 806 1551 l.
824 1513 848 1550 6
869 1524 958 1563 seq·
986 1512 1004 1551 ὅ
1025 1509 1063 1551 δὲ
1091 1510 1178 1552 ου’ἓέν
1207 1511 1276 1557 ἔφη
1296 1515 1323 1553 οἶ
1344 1514 1415 1552 ἔπε-

94 1563 275 1618 eta-dmm)
305 1567 356 1605 In
374 1563 453 1624 Pf.
476 1565 554 1621 (id
572 1572 635 1607 est
652 1566 701 1606 in
724 1565 915 1624 Fragm.
931 1563 1128 1619 Paris.)
1154 1566 1217 1607 sic
1240 1566 1326 1607 ista
1352 1569 1416 1608 le-

91 1626 287 1675 guntur,
322 1621 410 1662 οὖὲἒν
445 1622 474 1662 δ’
502 1621 554 1663 ἴδε
579 1622 740 1663 ἕστοίλθοω
761 1623 828 1669 ἔφη
849 1624 888 1663 οἶ.
960 1622 990 1661 l.
1015 1624 1052 1662 8.
1081 1620 1242 1675 Πέρσας)
1271 1625 1417 1673 Περσέας

92 1675 139 1716 Ρ
163 1704 174 1716 .
257 1676 287 1716 l.
310 1679 476 1789 9ζΐέθέλει
501 1678 627 1719 Med.
643 1679 780 1720 Pas-5.
804 1677 918 1719 Ask.
953 1678 1058 1727 [R]
1098 1678 1285 1730 Reliqui
1308 1681 1416 1719 θέλει.

90 1752 145 1763 —-
175 1734 273 1772 ἐθέλοι
306 1733 349 1773 Ρ
373 1761 384 1771 .

150 1786 298 1829 CAP.
329 1787 587 1830 CXXXII.
616 1787 726 1830 Lin.
746 1802 784 1829 2.
809 1785 897 1841 ἕκν)
920 1784 956 1830 ἦν
975 1788 1100 1829 Med.
1117 1786 1265 1830 Arch.
1282 1787 1416 1830 Pass-

99 1839 250 1884 Vind.
277 1843 359 1891 [F.
384 1842 493 1901 Pf.]
523 1844 577 1888 ἔην
605 1845 717 1886 Ald.
748 1851 791 1884 et
810 1843 966 1897 Steph.
993 1846 1118 1896 quod
1145 1852 1335 1898 praestat
1363 1859 1416 1885 ex

89 1911 219 1939 more
240 1898 431 1939 dialecti.
460 1925 515 1932 —
545 1902 597 1940 Et
619 1900 682 1941 sic
702 1900 771 1942 ed.
802 1901 950 1940 Wess.
973 1899 1124 1941 nescio
1144 1908 1204 1940 atr
1231 1914 1418 1941 consen-

90 1953 307 1995 tientibus
332 1955 494 1997 Paris.
571 1956 599 1995 l.
633 1960 669 1998 3.
702 1956 882 2004 εἰκάζων
908 1953 1071 1997 Paris.
1095 1955 1153 1998 A.
1180 1957 1236 1997 B.
1278 1953 1417 1996 Vind.

91 2010 242 2052 Arch.
264 2009 403 2050 Pass.
423 2012 533 2052 Ask.
556 2011 682 2053 Med.
711 2015 732 2060 [
743 2014 799 2053 F.
819 2007 898 2068 Psi
922 2017 1033 2063 puto
1066 2019 1108 2052 et
1128 2010 1291 2053 Paris.
1319 2026 1418 2052 om·-

92 2064 207 2118 nes.]
235 2064 359 2106 Olim
383 2067 578 2116 εἰκάζοντος,
609 2091 665 2100 -—
696 2069 816 2119 Hoc,
847 2080 900 2106 ex
926 2066 1180 2109 coniectura
1201 2067 1273 2121 (ut
1295 2067 1419 2107 vide-

88 2119 199 2175 tur)
232 2121 425 2162 Editoris
451 2122 610 2162 Veneti
635 2130 930 2179 prognatum,
969 2123 1113 2164 tenuit
1141 2125 1290 2164 Gron.
1323 2137 1414 2164 non

90 2190 224 2218 ausus
249 2173 327 2217 hic
344 2175 610 2218 Mediceum
638 2194 770 2220 suum
796 2178 938 2230 sequi.
977 2180 1111 2233 Quod
1132 2193 1253 2219 nunc
1285 2193 1339 2220 ex
1367 2178 1418 2219 li-

90 2233 279 2274 brorum
310 2247 530 2274 consensu
558 2236 790 2289 vulgatur,
818 2235 866 2274 id
895 2234 1069 2287 primus
1095 2235 1293 2287 recipere
1324 2248 1417 2275 nou

92 2288 319 2330 dubitavit
362 2291 511 2330 Wess.
588 2290 715 2331 Ibid.
757 2294 785 2330 ἐν
822 2294 871 2341 γῇ
903 2291 1041 2331 Pass.
1074 2290 1223 2332 Arc-lt·
1272 2289 1417 2330 Vind.

93 2346 268 2399 Fragm.
290 2343 451 2386 Paris.
474 2346 601 2394 [item
623 2348 680 2387 F.
698 2348 787 2388 Pa.
805 2346 913 2396 Pa]
931 2347 1059 2386 hene.
1089 2350 1118 2387 ἐν
1141 2349 1188 2398 τῇ
1207 2350 1258 2396 γῇ
1275 2352 1418 2385 antea.

92 2422 146 2431 -
177 2403 231 2441 In
244 2399 323 2459 Pf
342 2404 513 2442 mutata
528 2403 772 2444 verborum
787 2401 901 2443 serie
923 2408 985 2442 est
999 2406 1126 2447 γίνεται
1147 2404 1176 2441 ἐν
1196 2405 1258 2453 γῇ.
1286 2400 1418 2441 Idem

91 2470 198 2497 mox
219 2457 305 2498 ἐόικε
326 2457 511 2508 μάλιστα,
536 2472 628 2498 non
651 2459 743 2504 μοι’λ.
767 2457 864 2499 ἐόικε.
926 2459 955 2497 l.
982 2460 1021 2497 6.
1043 2459 1084 2503 ὥς
1103 2454 1193 2509 τνῖν)
1214 2460 1244 2503 ἐς
1265 2457 1323 2500 triv
1338 2453 1416 2512 Ps

93 2514 226 2554 male.
282 2513 312 2552 l.
335 2526 372 2563 7-
396 2515 416 2556 ἦ
434 2514 554 2561 ’γνώμῃ
579 2512 800 2568 ἀπεδέδεκτο)
819 2513 956 2555 α’πεὸέδ.
975 2514 994 2557 ἦ
1014 2513 1132 2559 γνώμη
1151 2511 1265 2553 Ask.
1280 2513 1416 2554 Pass-
