1775 3042
354 233 444 281 172
547 181 953 270 VARiETAs
991 216 1440 267 LECTIONIS

350 361 354 365 -
406 329 549 372 CAP-
561 331 789 384 CXLIV·
800 330 906 374 Lin.
925 351 936 372 1
954 346 1043 384 seq.
1058 327 1167 376 Οἷτος
1182 328 1243 383 δὲ)
1264 329 1300 374 δὴ
1312 344 1395 384 pro
1407 330 1438 371 δὲ
1449 327 1527 389 PJ:
1562 331 1658 374 l.20·

346 384 423 425 τόδε
450 387 499 426 ‘ro'
534 386 648 439 ἔπος)
677 387 749 428 Sic
776 387 933 441 scripsi
953 401 1054 427 cum
1079 387 1137 427 R
1166 393 1207 426 et
1234 383 1313 442 Pf
1352 388 1487 426 Abest
1506 385 1556 426 ‚01¹⁰¹
1585 387 1655 426 ed·

356 442 571 481 Wessvet
594 445 650 482 al.
705 442 827 483 Ibid.
847 439 1082 494 ἐλείπετο)
1110 443 1163 480 Et
1188 442 1276 481 hoc
1295 455 1348 481 ex
1373 438 1452 498 Pf.
1479 440 1653 493 recepi;

345 495 410 535 sic
430 509 537 536 vero
559 497 691 537 etiam
711 500 770 538 F.
795 499 872 538 sed
889 498 936 537 in
957 500 1043 537 hoc
1063 499 1092 536 1.
1118 495 1300 547 quidem
1321 497 1378 536 ab
1404 498 1501 537 ead.
1533 509 1652 535 man.

343 564 541 603 superne
559 551 780 592 indicatur
801 554 937 593 altera
951 551 1187 604 scriptura,
1207 554 1404 603 ἐλίπετο,
1427 565 1559 603 quam
1577 546 1656 590 hic

345 606 525 646 exhibet
553 608 619 646 ed.
657 609 808 647 Wess.
834 621 935 646 cum
969 607 1081 647 aliis.
1153 608 1183 646 l.
1207 610 1243 647 3.
1281 606 1517 652 γενόμενος
1542 605 1654 646 Ald.

344 661 493 703 Arch.
518 662 569 700 V
567 659 663 701 ind.
678 659 838 702 Paris.
849 663 904 702 B.
923 664 1061 714 [puto
1073 659 1233 702 Paris.
1256 664 1473 713 quatuor]
1503 661 1655 702 Valla.

344 717 545 767 ἐρόμενος
564 716 687 757 Med.
706 717 843 758 Pass.
862 717 971 757 Ask.
988 739 1040 747 ——-
1056 717 1113 757 F.
1128 724 1172 756 et
1190 713 1267 772 Pf.
1289 718 1411 768 quod
1428 715 1578 756 nescio
1595 729 1654 755 an

344 784 518 811 verum.
585 772 616 810 l.
636 782 676 821 4.
702 777 747 811 et
768 774 806 810 6.
833 769 1202 822 Καλχηδονίους)
1228 774 1431 812 Veterem
1455 769 1656 810 nominis

342 824 628 878 scripturam,
657 840 790 877 quam
819 828 899 868 IV.
930 829 1002 878 85,
1028 839 1065 867 2.
1094 832 1137 865 et
1162 827 1216 867 V.
1238 828 1304 866 26.
1332 832 1513 866 tuentur
1544 824 1656 865 libri

341 886 513 920 tantum
531 894 624 920 non
645 894 821 934 omnes,
843 883 1045 921 eamdem
1069 882 1113 920 h.
1134 881 1160 920 l.
1183 895 1236 920 ex
1250 895 1349 923 mss..
1371 881 1655 921 nostrisEet

342 937 428 978 Pc-
440 934 603 988 recepi.
624 935 715 976 Alii
728 939 865 991 vulgo
881 935 1086 979 Χαλκκδο
1096 955 1122 975 ν.
1141 935 1330 976 Videtur
1340 943 1486 976 autem
1501 935 1581 976 ista
1593 949 1656 975 es-

342 1004 389 1031 se
404 990 552 1030 ionica
572 991 736 1044 forma,
754 1000 878 1041 Καλχ.
894 1005 976 1044 pro
991 997 1110 1032 Χαλκ.’
1130 991 1393 1044 transposita
1412 991 1534 1030 tenui
1547 1003 1654 1030 con-

341 1048 454 1086 sona
477 1053 519 1085 et
541 1046 755 1099 aspirata,
777 1046 891 1087 sicut
916 1047 1010 1088 κιθών
1031 1059 1114 1099 pro
1135 1047 1261 1097 χιτών,
1283 1053 1325 1086 et
1342 1049 1483 1087 ἐνθαῦτα
1501 1059 1584 1098 pro
1603 1048 1654 1086 ἐν-

340 1104 467 1141 ταῦθα.
525 1102 554 1140 l.
578 1105 599 1141 5
615 1116 703 1154 seq.
725 1102 904 1148 πυθόμενος
921 1101 950 1141 δὲ
971 1102 1080 1152 etc.)
1097 1100 1581 1154 Descripsit-Euscath.
1596 1102 1655 1142 ad.

341 1153 546 1209 Dionys.
561 1170 621 1198 vs.
641 1159 734 1207 764.
752 1157 832 1197 ubi
846 1157 1048 1204 Μεγάβυζος
1069 1170 1272 1208 quoque,
1287 1163 1336 1196 ut
1363 1157 1510 1196 Valla.
1583 1156 1614 1195 l.
1627 1158 1653 1195 8

341 1225 432 1263 seq.
450 1211 542 1257 οὗτος
558 1211 594 1255 δή
614 1208 686 1265 ὦν)
702 1209 794 1257 οὗτος
809 1217 884 1257 μὲν
907 1211 944 1254 δυ’
963 1207 1004 1250 ὦν
1024 1211 1090 1251 ed.
1111 1214 1260 1252 Wess.
1275 1226 1375 1251 cum
1393 1210 1653 1252 mss.Areh.

341 1273 385 1306 et
413 1265 620 1307 Vindob.
640 1291 695 1298 -—
724 1266 883 1306 Delevi
911 1266 1200 1319 particulam,
1228 1280 1388 1320 parum
1415 1265 1521 1306 huic
1550 1267 1653 1307 loco

341 1328 609 1373 oportunam
621 1352 632 1373 ‚
653 1336 786 1373 quam
801 1321 1010 1377 ignorant
1028 1322 1105 1361 alii
1120 1321 1238 1361 libri.
1270 1325 1386 1362 Bene
1403 1323 1539 1374 paulo
1555 1326 1657 1374 post

341 1389 522 1428 Omnes,
548 1374 641 1422 οὗτος
664 1380 723 1422 μέν
751 1396 814 1418 νυν.
885 1378 974 1428 l..9·
999 1376 1166 1429 λειφθεὶς)
1188 1381 1324 1423 ληφθεὶς
1346 1376 1492 1417 Arch.
1515 1375 1654 1417 Vind-

398 1430 544 1473 CAP-
574 1432 773 1473 CXLV.
794 1429 903 1473 Lin.
933 1448 967 1470 ι.
1001 1431 1042 1472 δὲ
1076 1435 1192 1473 roffi-ov
1227 1431 1374 1473 Arch.
1407 1433 1558 1482 [unde
1583 1433 1654 1472 ed.

349 1488 523 1536 Wess.]
549 1487 650 1526 Alii
665 1489 830 1528 habent
849 1487 966 1531 δή-
1005 1486 1077 1527 Sic
1110 1486 1293 1539 quidem
1318 1495 1359 1528 et
1377 1489 1521 1528 Gron.
1550 1501 1652 1528 cum

340 1542 467 1584 Aldo
483 1560 497 1582 .·
511 1543 586 1582 sed
604 1541 644 1582 δὲ
661 1556 762 1582 cum
776 1543 922 1584 Arc-h.
933 1537 1009 1581 hic
1022 1542 1155 1583 habet
1168 1543 1226 1582 F.
1240 1557 1321 1582 nec
1332 1543 1456 1584 aliud
1470 1557 1523 1583 ex
1536 1541 1652 1582 Par.

340 1604 557 1638 notatum.
609 1598 638 1636 l.
654 1602 690 1640 3.
703 1595 1023 1651 προδιηγησάμενος)
1035 1616 1197 1648 προκγκσ.
1211 1598 1353 1638 Arch.
1372 1596 1516 1638 Vind.
1570 1598 1598 1636 l.
1611 1610 1651 1647 4.

342 1652 675 1704 ἐξελασθέντες)
693 1653 764 1693 Sic
777 1653 923 1694 Arch.
945 1659 988 1692 et
1003 1652 1152 1693 statim
1173 1652 1348 1693 iterum.
1369 1676 1423 1684 --
1450 1652 1524 1694 Sic
1543 1666 1650 1692 vero

341 1707 582 1760 utrobique
606 1708 738 1748 etiam
763 1710 819 1749 F.
843 1715 884 1748 et
904 1709 992 1750 Pa.
1014 1709 1099 1749 Pe.
1139 1710 1191 1748 Et
1216 1708 1364 1761 recepi
1389 1710 1504 1748 hanc
1526 1707 1653 1747 verbi

341 1762 530 1803 formam
546 1794 557 1814 ,
584 1777 718 1814 quam
738 1763 826 1804 iam
851 1763 959 1803 alibi
978 1764 1153 1816 saepius
1175 1778 1200 1803 a
1227 1764 1360 1803 variis
1383 1764 1512 1803 codd.
1528 1762 1654 1802 exhi-

340 1817 482 1859 hilam
497 1818 691 1859 vidimus
711 1818 758 1858 in
781 1822 884 1860 Var.
904 1820 1021 1859 Lect.
1039 1821 1072 1858 1.
1098 1821 1193 1871 168,
1215 1834 1250 1866 7.
1279 1823 1377 1870 173,
1406 1832 1465 1858 12.
1487 1819 1568 1857 111.
1584 1820 1649 1869 46,

348 1889 384 1914 1.
405 1874 532 1914 Conf.
555 1876 637 1913 III.
656 1877 700 1914 51
717 1902 727 1920 ‚
755 1891 766 1913 ι
779 1892 816 1916 o.
847 1876 947 1929 Quo
966 1874 1150 1914 nomine
1161 1875 1198 1914 si
1213 1874 1312 1925 quis
1331 1873 1654 1914 inconstantiae

341 1943 414 1969 me
438 1931 741 1969 damnandum
759 1929 1045 1981 iudicaverit,
1062 1935 1231 1982 partem
1252 1929 1346 1969 eius
1362 1930 1519 1981 culpae
1534 1930 1655 1969 haud

341 1984 508 2037 invitus
524 1984 618 2037 ipse
637 1986 938 2030 Herodotus,
961 1992 1095 2037 puto,
1120 1984 1389 2026 sustinuerit.
1419 1986 1566 2038 Vulgo
1587 1986 1656 2031 ἐξε-

342 2043 525 2085 λαθέντας.
582 2041 610 2079 l.
638 2046 673 2082 5·
698 2043 782 2080 τὸν
805 2044 840 2080 ἔκ
865 2039 1077 2094 Βραυρῶνος)
1095 2040 1167 2080 Sic
1190 2040 1313 2082 Med.
1345 2037 1488 2080 Vind.
1514 2041 1650 2081 Pas-5.

342 2094 456 2135 Ask.
482 2096 581 2144 [E]
621 2094 764 2134 Ceteri
793 2099 856 2136 τῶν
880 2101 1176 2147 praetereunt.
1212 2097 1528 2143 [Praetereunt
1546 2108 1651 2135 sane

342 2150 430 2192 Pb.
453 2152 539 2191 PC.
557 2150 674 2198 Pd.]
705 2150 870 2202 Βκύρωνος
882 2150 1098 2191 ΑῙὊῘῑ.--
1127 2154 1298 2202 Βαβρῶνος
1316 2150 1502 2191 Pb.Pd.
1558 2150 1588 2189 l.
1610 2152 1650 2190 6.

342 2205 413 2246 dno*
441 2208 627 2246 τουτέων
656 2204 773 2257 ἐξελ.)
806 2206 877 2245 Sic
912 2206 1022 2246 Αἶά.
1050 2213 1091 2246 et
1122 2204 1283 2247 Paris.
1306 2207 1361 2246 B.
1390 2207 1459 2246 v‘7ro¹
1488 2205 1650 2246 τούτων

344 2261 428 2306 ἐξελ.
444 2260 588 2300 Διέἢ.
613 2258 756 2299 Vind.
781 2262 849 2300 ὑπ’
875 2262 997 2300 τούτων
1015 2261 1052 2301 δὲ
1075 2261 1199 2303 Med.
1226 2267 1268 2301 et
1287 2259 1380 2300 alii.
1399 2259 1475 2311 [in
1490 2258 1558 2299 his
1571 2258 1652 2311 Ε]

344 2315 615 2355 Praeferrem
640 2314 690 2355 δή.
706 2338 757 2344 -
787 2317 859 2354 Est
883 2323 1027 2357 tamen
1051 2318 1120 2356 v‘m'
1136 2319 1271 2355 τουτέων
1289 2315 1325 2355 δὲ
1348 2315 1396 2353 in
1414 2315 1481 2355 ed.
1502 2317 1652 2355 Wess.

345 2377 388 2410 et
411 2370 474 2410 sic
494 2372 562 2410 ed.
582 2368 709 2410 Reiz.
731 2376 771 2409 et
787 2370 933 2411 Borlz.
962 2371 1047 2410 Sed
1067 2372 1134 2411 ιὲπδ
1158 2373 1293 2412 τουτέων
1314 2369 1357 2413 322.
1385 2371 1452 2410 ed.
1469 2367 1651 2425 Schaefi

347 2428 468 2476 quod
490 2434 531 2465 et
559 2439 641 2481 ego
663 2425 954 2478 praeferrem,
984 2426 1021 2466 si
1047 2439 1160 2478 opus
1180 2431 1290 2466 esset
1316 2424 1486 2467 adiecta
1516 2424 1653 2478 parti-

346 2482 471 2535 cula,
501 2484 590 2534 qua
622 2480 804 2533 quidem
832 2480 961 2522 facile
991 2494 1201 2523 caremus.
1240 2483 1471 2523 Caeterum
1495 2481 1656 2528 lubens
