1791 3052
337 271 425 317 IN
466 263 896 316 HERODOTI
935 263 1086 312 LIB.
1132 265 1248 314 111.
1375 283 1429 315 ιι

129 399 231 426 cum
254 384 324 425 his
349 386 419 425 ed.
435 386 581 425 Gron.
611 383 759 423 Wess.
775 376 905 420 Reiz.
930 387 972 419 et
987 379 1134 420 Borh.
1162 381 1248 419 Sed
1268 379 1435 420 Schtz&-

111 440 277 500 ferm,
307 443 444 494 paulo
471 439 638 479 maiore
661 435 945 476 distinctione
972 443 1072 475 ante
1100 436 1175 481 τούς
1203 435 1235 475 δὲ
1265 436 1435 488 posita,

128 498 246 536 istud
265 498 453 536 verbum
472 492 550 543 ἦγον
564 491 803 533 revocavit.
860 491 892 533 l.
915 505 978 543 ¹7·
999 490 1180 537 οἴγοντο)
1199 492 1317 536 ἤγοντο
1334 505 1439 530 cum

128 554 276 592 Gron.
301 554 433 591 edens
458 551 530 588 W
524 563 606 588 ess.
625 545 878 587 adnotavit:
916 576 942 599 „
953 546 1074 592 οἴγοντο
1092 546 1258 587 Aldus.
1291 545 1438 586 Ceteri

127 607 297 652 {syme-“
325 630 374 637 -
405 607 462 644 At
481 603 666 643 Ionibus
687 610 941 655 usurpatam
968 601 1161 641 formam
1184 601 1305 646 οἴγοντο
1334 616 1439 642 cum

128 665 198 702 ed.
211 662 319 703 Ald.
336 668 378 700 et
389 659 544 711 steph.
565 666 812 712 agnoscunt
832 657 965 697 etiam
988 670 1086 697 mss.
1104 659 1161 698 F.
1180 663 1222 696 et
1236 657 1324 698 Pa.
1345 671 1437 709 quo

128 718 277 758 minus
301 714 501 756 dubitavi
532 715 641 766 quin
673 728 769 754 eam
795 716 955 754 Nostro
980 713 1279 765 restituerem,
1314 714 1439 765 quod

128 781 230 813 ante
249 785 329 812 nos
348 770 437 811 iam
458 784 482 809 a
496 767 676 827 Schaqf.
700 770 879 810 factum.
935 766 1057 809 Ibid.
1081 767 1249 821 τίσοντες)
1275 773 1440 814 πείσοντες

129 825 207 886 Pf:
237 834 277 866 et
307 826 411 866 dein
444 822 565 864 idem
599 830 664 865 τῶν
701 829 729 866 ἓν
762 829 888 870 Μέμφι
924 825 1151 869 ἀπολομένων.
1195 825 1440 878 vulgatum

129 890 245 928 recte
260 888 439 922 tuentur
456 880 534 920 alii
559 894 726 922 omnes.
788 882 817 919 l.
841 892 904 920 22.
936 881 1013 924 οἶγε
1026 880 1170 924 έμενον
1189 882 1242 919 ἐπὶ
1264 877 1440 933 θάνατον)

129 938 361 983 ἧγεᾶμενον
383 940 435 977 ἐπὶ
465 936 548 975 871⁹.
572 937 696 977 Μεᾱ.
729 935 873 976 Vind.
893 935 1040 976 Arch.
1065 936 1202 976 Pass.
1220 935 1333 976 Ask.
1361 949 1440 975 ora.

126 993 279 1045 steph.
297 992 426 1041 [item
442 993 496 1031 F.
510 993 597 1032 Pa.
610 992 696 1033 Pb.
713 993 802 1033 Pd.
816 988 894 1047 ps}
909 990 1023 1030 etsie
1038 991 1105 1030 ed.
1121 992 1266 1031 Gron.
1289 991 1439 1031 Wess.

127 1046 258 1089 Reiz.
279 1056 321 1087 et
340 1047 517 1093 Borlz.l
553 1048 792 1093 σίγεέμενον
815 1047 924 1089 Ald.
956 1046 1084 1086 Rem.
1112 1044 1273 1087 Paris.
1299 1047 1359 1088 A·
1385 1070 1441 1079 —

125 1117 289 1156 nempe
314 1110 461 1143 noster
479 1104 563 1144 Pe.
604 1103 843 1143 Rariorem
865 1100 992 1142 verbi
1014 1102 1228 1155 formam,
1258 1115 1284 1142 a
1305 1101 1442 1142 libra-

126 1158 204 1200 riis
234 1158 327 1199 fere
370 1158 547 1212 penitus
585 1159 869 1198 obliteratam
887 1187 899 1208 ‚
936 1156 1209 1197 restituimus
1255 1157 1442 1198 auctori.

128 1215 338 1259 οἷγινεέμενον
366 1229 418 1254 cx
442 1213 628 1254 coniect.
647 1214 789 1253 edidit
812 1209 1111 1270 Schaeferus,
1146 1213 1224 1264 qui
1256 1213 1441 1265 quidem

127 1283 210 1310 nec
238 1271 346 1321 hoc,
376 1271 498 1322 quod
524 1283 605 1311 nos
637 1284 660 1309 e
692 1269 820 1310 libris
850 1268 1082 1308 nonnullis
1110 1269 1441 1322 adoptavimus,

126 1333 383 1377 aspernatus
413 1332 476 1365 est
496 1325 544 1364 in
574 1325 756 1379 nuperis
781 1327 834 1366 ad
860 1326 1055 1380 Gregor.
1074 1322 1294 1366 Corinth.
1316 1325 1442 1365 Notis

126 1395 172 1434 p.
191 1384 284 1422 233.
319 1382 520 1422 Verbum
551 1381 688 1426 ἅγημαι
713 1381 804 1421 iam
830 1379 1070 1432 aliquoties
1096 1381 1144 1420 in
1169 1394 1261 1420 uno
1288 1389 1441 1421 nostro

129 1438 226 1477 cod.
242 1436 298 1476 F.
321 1445 546 1489 repertum
572 1437 931 1488 observavimus,
955 1435 1076 1475 idem
1104 1437 1261 1476 valens
1285 1450 1337 1476 ac
1356 1437 1444 1482 {fyn-

129 1510 194 1539 μοιι
214 1493 286 1531 vel
303 1493 472 1537 κ’γέομαιτ
503 1491 630 1545 (Vide
660 1493 778 1533 Var.
796 1494 923 1533 Lect-
945 1492 1002 1530 ad
1022 1493 1080 1530 II.
1100 1506 1165 1543 40,
1184 1490 1252 1544 3.)
1277 1499 1320 1531 at
1340 1492 1445 1537 οἶγεᾶ-

128 1565 220 1595 μενον
234 1548 276 1587 h.
297 1548 326 1587 l.
343 1549 460 1588 valet
478 1548 663 1593 α’γὸμενςν,
686 1562 778 1589 non
797 1550 981 1594 ᾖγέομενον.
1003 1549 1089 1586 Pro
1110 1550 1162 1586 ἐπὶ
1179 1548 1261 1587 θοέν.
1278 1555 1444 1587 temere

128 1603 187 1645 τνῖν
204 1605 258 1642 ἐπὶ
271 1604 422 1644 θάνατον
440 1603 581 1643 edidit
590 1605 739 1644 Borh.
754 1618 870 1656 quae
888 1611 978 1643 erat
991 1602 1257 1655 coniectura,
1274 1617 1366 1645 non
1385 1603 1445 1643 si-

128 1670 186 1697 ne
202 1657 407 1698 cautione
420 1672 445 1698 a
466 1661 614 1700 Wess.
628 1662 816 1713 prolata.
871 1661 902 1698 l.
917 1670 968 1699 22
982 1673 1072 1710 seq.
1089 1676 1296 1708 περικατκμ.
1315 1659 1445 1712 αὐτόν)

129 1731 238 1763 orgum-
259 1715 356 1765 αὔτῷ
373 1711 450 1771 PJ:
507 1715 536 1755 l.
562 1720 626 1758 23.
648 1720 706 1755 καὶ
726 1715 812 1756 Savo?
832 1712 1036 1768 ποιεύντων)
1066 1713 1138 1754 Sic
1161 1715 1284 1755 BIed.
1306 1717 1445 1757 Pass-

129 1768 242 1809 Ask.
268 1767 413 1810 Vind.
441 1770 589 1811 Arch.
611 1784 769 1826 margo
791 1771 947 1824 Steph-
978 1771 1063 1821 [F.
1086 1776 1128 1808 et
1149 1777 1234 1810 tres
1250 1768 1446 1822 Paris]

129 1826 169 1864 A
189 1824 341 1865 ceteris
357 1828 516 1866 absunt
535 1827 644 1866 hacc
663 1827 758 1867 tria.
783 1851 837 1858 --
866 1828 1037 1866 Desunt
1056 1826 1139 1866 Pe.
1164 1833 1205 1865 et
1224 1827 1323 1866 edd.
1343 1834 1447 1866 ante

132 1879 280 1920 Gron.
337 1881 367 1919 l.
382 1895 446 1931 24.
466 1882 508 1922 το“
527 1886 601 1922 καὶ
624 1885 677 1922 ἐπὶ
694 1882 801 1922 Ald.
822 1879 967 1921 Vind.
982 1881 1129 1921 Arch.
1142 1881 1271 1921 Rem.
1284 1879 1447 1923 Paris.

130 1935 186 1975 B.
207 1933 274 1988 [et
290 1935 370 1976 alii
385 1935 569 1987 Paris.]
590 1942 647 1977 nx}
666 1951 758 1978 non
776 1938 910 1977 habet
922 1937 1048 1978 Alled.
1060 1937 1196 1977 Pass.
1214 1938 1324 1978 Ask.
1348 1951 1448 1978 nes-

132 1990 202 2030 cio
216 2004 366 2042 quare.
380 1994 531 2033 less.
551 2017 607 2024 --
637 1993 926 2043 Particulam‚
946 1993 992 2032 in
1009 1992 1086 2033 tali
1099 2006 1304 2033 sermone
1317 1993 1449 2034 usita-

133 2052 221 2086 tam
237 2077 248 2099 ,
266 2049 558 2104 neglexerunt
581 2048 714 2088 etiam
736 2051 792 2090 F.
815 2055 858 2088 et
875 2046 954 2102 Pf.
981 2051 1035 2088 Et
1050 2050 1106 2088 F.
1123 2047 1305 2100 quidem
1322 2053 1373 2100 τῷ
1392 2052 1446 2089 ἐπὶ

132 2102 289 2152 habet;
322 2117 415 2144 non
443 2104 493 2144 το“
520 2106 598 2154 ἐπὶ,
633 2112 683 2144 ut
705 2105 783 2146 alii
801 2118 969 2145 omnes.
1042 2105 1070 2143 l.
1099 2107 1164 2144 28.
1193 2102 1448 2157 Ψαμμήνιτον)

133 2158 302 2199 Rursus
325 2163 519 2204 Ψαμίνητον
541 2160 689 2200 Afieh.
715 2169 757 2201 et
775 2174 882 2200 mox
905 2160 1082 2200 iterum.
1103 2160 1256 2200 Wssss.
1285 2182 1338 2191 —
1372 2159 1448 2200 Nil

132 2219 308 2256 mutant
326 2213 417 2255 alii.
474 2215 505 2254 l.
526 2227 594 2266 29.
620 2219 678 2256 τῶ
686 2236 700 2256 ν
722 2219 916 2262 Αἰγυπτίων
930 2217 979 2257 F
974 2231 1122 2274 ragm.
1141 2213 1302 2256 Paris.
1324 2217 1449 2268 quod

132 2282 309 2321 sequor.
329 2270 440 2310 Aliis
453 2271 575 2311 abest
589 2271 813 2312 articulus.
828 2272 981 2313 Wzss.
1000 2296 1054 2304 —-
1084 2273 1219 2312 Abest
1235 2272 1378 2312 msstis
1392 2273 1449 2312 F.

134 2331 181 2370 et
201 2325 290 2366 Pa.
324 2328 387 2366 Ex
417 2325 557 2368 tribus
583 2327 683 2368 aliis
705 2325 868 2368 Paris.
894 2328 959 2368 nil
982 2334 1200 2370 notatum.
1257 2328 1286 2367 l.
1314 2331 1379 2368 30.
1408 2329 1449 2373 ὥς

136 2377 248 2433 εἶδε)
275 2382 318 2426 ὥς
344 2381 405 2421 ’ἴδεν
432 2380 578 2423 Ανθῆ.
610 2406 662 2414 -
704 2385 746 2429 ὦς
775 2383 833 2424 ’ἴδε
853 2385 922 2424 ed.
942 2382 1125 2441 Schae’s·
1151 2391 1354 2436 utsupra
1380 2382 1450 2423 bis

136 2441 180 2473 et
198 2441 276 2474 fer·
334 2434 456 2478 Ibid.
491 2439 710 2483 οὐνόματι
729 2437 875 2479 Arc-h.
895 2447 1035 2490 recte3
1061 2447 1123 2480 cst
1145 2438 1266 2479 enim
1290 2438 1449 2478 Ἰωνικέν.

135 2489 227 2529 Alii
251 2492 428 2534 ὄνῦμσιστί-
449 2515 503 2523 --
530 2495 602 2533 Sic
623 2495 712 2535 Pa.
727 2494 815 2536 Pb.
835 2493 913 2553 Pf
938 2497 1025 2536 Sed
1051 2496 1286 2540 οὖνομοιστὶ
1302 2493 1354 2534 F.
1386 2495 1451 2532 Ex

134 2546 220 2589 Pe.
237 2553 278 2586 et
294 2547 384 2589 Pd.
399 2546 466 2589 nil
488 2557 708 2590 notatum.
765 2551 795 2590 l.
811 2554 876 2592 32.
894 2552 1002 2592 αὐτοῦ
1017 2549 1189 2604 φύλακοι)
1205 2549 1277 2589 Sic
1301 2548 1353 2590 V
1351 2546 1443 2589 ind.
