1801 3047
316 243 411 292 538
658 243 1275 296 ARGUMENTUM

313 355 441 409 (108.
464 354 570 410 109)
599 358 934 403 Sauromatae,
958 358 1040 412 (cf.
1062 374 1098 400 c.
1117 357 1213 412 21.)
1238 358 1456 412 Scythicis
1479 361 1620 414 patri-

311 411 418 461 bus,
442 411 829 454 Amazonibus
860 413 1091 454 matribus
1121 415 1317 454 oriundi.
1340 414 1483 467 (110-
1499 415 1616 469 117.)

313 467 477 506 Geloni
493 474 519 516 ,'
541 468 704 507 Budini
744 476 786 509 et
816 471 1101 510 Sauromatae
1139 470 1308 510 auxilia
1348 470 1615 522 promittunt

310 521 514 574 Scy-this,
560 523 723 563 caeteri
768 532 947 577 negant.
992 524 1041 578 (1
1057 528 1118 566 18.
1150 524 1268 578 119.)
1309 523 1456 566 Belli
1497 540 1618 565 cum

311 575 500 617 Dario
525 577 679 634 gesti
709 578 880 620 ratio.
910 580 1060 632 Copiis
1090 580 1242 620 intres
1268 587 1413 633 partes
1442 579 1617 634 divisis,

310 630 546 677 Darium,
576 633 692 673 intra
724 634 834 674 fines
864 648 1018 674 eorum
1049 635 1323 690 ingressum,
1365 650 1446 688 per
1483 635 1618 679 miras

306 689 521 741 «ambages
542 687 600 728 ita
620 689 1011 729 circumduxerunt
1021 692 1244 746 Scythae,
1260 699 1309 731 ut
1324 691 1446 740 illos,
1467 691 1618 732 diurni

310 743 502 782 maxime
519 742 689 783 itineris
709 744 851 796 spatio
869 759 1044 798 semper
1063 748 1284 799 absentes,
1305 760 1525 798 nusquam
1541 748 1618 786 ad·-

309 798 437 849 sequi
474 805 633 850 posset.
665 798 944 853 (120-125.)
980 802 1047 840 Ab
1079 800 1370 859 Idanthyrso
1409 816 1510 856 rege
1542 808 1619 842 aut

307 852 533 906 praelium
555 861 635 894 aut
657 854 931 894 deditionem
950 855 1152 907 poscenti
1164 854 1343 902 Dario,
1359 856 1620 909 simpliciter

308 922 360 948 ac
383 908 525 949 libere
546 911 783 963 respondet
799 911 989 962 „Scytha3
1012 910 1134 963 (126.
1157 909 1276 964 127.)
1301 919 1518 952 caeterum
1548 914 1619 952 Io-

308 977 401 1014 nas,
413 970 462 1003 ut
475 971 660 1016 pontem
677 964 939 1017 rescindant,
954 967 1203 1005 monendos
1219 972 1353 1019 curat,
1369 967 1446 1017 (cf.
1458 981 1496 1006 c.
1511 984 1524 1006 1
1535 968 1620 1016 35.)

310 1026 355 1058 et
375 1021 524 1059 Persas
546 1020 855 1072 frequentibus
873 1020 1206 1069 incursionibus
1231 1020 1308 1075 (in
1333 1021 1497 1073 quihus
1521 1022 1620 1074 qui-

312 1075 415 1116 dem
444 1074 550 1126 equi
580 1075 730 1116 ruditu
766 1075 992 1116 asinorum
1024 1082 1066 1116 et
1097 1078 1324 1116 mulorum
1353 1076 1501 1129 specie
1535 1083 1620 1116 ter-

310 1129 495 1183 rentur)
526 1139 666 1172 vexat.
690 1130 831 1185 (128-
847 1130 958 1184 130.)
990 1132 1134 1173 Dona
1154 1131 1296 1171 Persis
1319 1132 1500 1172 mittunt
1515 1134 1621 1185 Scy-

311 1186 439 1229 thae,
470 1200 617 1230 avem,
650 1200 827 1227 marem
839 1215 854 1233 ,
887 1201 1076 1234 ranam,
1105 1193 1148 1227 et
1174 1185 1376 1240 quinque
1404 1185 1619 1244 sagittas.

312 1238 435 1293 (131.
467 1240 586 1294 132.)
626 1241 832 1293 Denique
873 1241 1084 1283 instructa
1120 1243 1215 1282 acie
1248 1244 1541 1295 prodeuntes,
1578 1249 1621 1282 et

311 1299 623 1349 persequendo
664 1297 811 1350 lepori
843 1297 1025 1350 intenti,
1060 1298 1257 1338 illudunt
1293 1295 1479 1345 Dar-im
1518 1297 1619 1349 qui,

314 1353 563 1392 detrectans
589 1367 816 1408 pugnam,
850 1355 1035 1394 domum
1068 1354 1213 1393 redire
1247 1353 1425 1407 cogitat.
1467 1350 1620 1408 (134.)

314 1406 498 1449 Relictis
516 1407 732 1449 militibus
748 1408 936 1449 infirmis
957 1417 999 1449 et
1019 1408 1177 1462 asinis,
1200 1415 1335 1449 noctu
1359 1411 1416 1449 ad
1437 1409 1622 1449 Istrum

313 1462 406 1502 abit
431 1460 628 1504 Darius.
661 1461 811 1518 (135.)
846 1466 1048 1522 Scythae
1077 1464 1150 1504 via
1180 1464 1379 1505 breviori
1408 1463 1532 1518 prius
1563 1464 1621 1503 ad

311 1519 474 1558 Istrum
493 1519 801 1571 pervenientes
816 1547 826 1564 ‚
851 1522 998 1560 denuo
1016 1521 1164 1560 Ionas
1185 1526 1234 1560 ut
1252 1525 1434 1573 pontem
1458 1519 1622 1560 rescin-

313 1575 419 1613 dant
454 1582 660 1626 monent,
697 1575 970 1615 adsentiente
1010 1573 1260 1622 Miltiade,
1298 1574 1621 1630 refragantibus

312 1629 493 1669 caeteris
531 1631 694 1670 Ionum
728 1629 929 1671 ducibus.
960 1629 1232 1684 (137-139.)
1280 1629 1483 1670 Reversis
1508 1630 1621 1686 Scy-

314 1682 409 1725 this
427 1712 436 1727 .
471 1684 559 1724 alia
589 1685 664 1725 via
686 1686 864 1725 interim
894 1684 1078 1726 Darius
1111 1688 1168 1725 ad
1197 1686 1378 1727 Istrum
1401 1684 1620 1738 pervenit,

312 1747 376 1790 et,
394 1753 576 1791 operam
596 1748 841 1794 praestante
859 1739 1100 1787 Histiaeo,
1119 1756 1200 1793 per
1220 1747 1402 1793 pontem
1425 1740 1473 1780 in
1487 1742 1623 1781 Thra-

312 1794 425 1835 ciam
450 1796 577 1836 redit.
605 1795 726 1848 (¹40·
745 1795 858 1850 142.)
881 1798 991 1837 Inde
1007 1796 1055 1836 in
1072 1795 1241 1837 Asiam
1262 1796 1445 1849 traiicit,
1466 1794 1621 1836 relicto

312 1849 361 1889 in
384 1851 584 1904 Europa
610 1852 839 1904 copiarum
868 1855 979 1893 duce
1004 1852 1274 1906 lilegabazo.
1303 1850 1425 1905 (143.
1447 1849 1566 1903 144.)
1629 1897 1631 1899 ,

369 1903 586 1963 Libyca
615 1909 871 1949 Persarum
901 1905 1151 1961 expeditio.
1189 1907 1333 1961 Regni
1366 1904 1622 1962 Cyrenaici

314 1960 577 2013 primordia.
612 1961 829 2020 Minyae,
852 1965 1023 2003 Lemno
1047 1977 1072 2002 a
1090 1963 1281 2016 Pelasgis
1304 1961 1452 2014 eiecti,
1476 1961 1525 2001 in
1540 1963 1625 2001 La·-

317 2017 493 2057 couiam
519 2018 782 2069 migrarunt.
808 2018 931 2068 (145.
951 2017 1068 2070 146.)
1100 2020 1287 2058 Illorum
1308 2022 1479 2070 partem
1510 2017 1624 2057 The-

316 2085 397 2112 ras
418 2072 464 2111 iu
481 2072 731 2114 Callis'cam
752 2073 943 2113 insulam
962 2073 1107 2124 (quac
1132 2075 1282 2113 Thera
1300 2072 1404 2113 dein
1424 2071 1624 2112 nomina-

317 2133 358 2166 ta
382 2134 466 2177 est3
491 2141 529 2166 c.
550 2128 668 2180 148·)
697 2130 880 2169 colonos
906 2128 1049 2169 duxit:
1076 2128 1162 2169 alia
1183 2143 1282 2181 pars
1305 2128 1350 2168 in
1375 2125 1624 2184 Triphylia

315 2196 389 2222 sex
412 2183 578 2235 oppida
603 2183 816 2224 condidit.
838 2183 963 2238 (¹47·
986 2186 1102 2235 148.)
1130 2186 1300 2224 Therae
1319 2183 1436 2224 filius
1458 2182 1628 2239 Oioly-

321 2252 404 2278 eas
424 2241 604 2291 Spartae
631 2239 813 2289 mansit,
842 2254 866 2279 a
891 2239 1015 2280 cuius
1043 2239 1138 2279 filio
1155 2240 1307 2295 Aegeo
1337 2237 1476 2278 tribus
1493 2239 1626 2290 Spar-

322 2303 422 2334 tana
452 2308 617 2333 nomen
642 2294 828 2334 invenit.
860 2294 1012 2347 (149.)
1050 2293 1228 2343 Grinas
1265 2307 1424 2346 senex,
1455 2295 1625 2334 Therae

320 2365 419 2401 rex,
448 2364 547 2389 cum
576 2351 740 2390 iuvene
767 2351 913 2391 Batto
941 2352 1149 2402 Delphos
1169 2349 1416 2401 profectus:
1446 2347 1627 2388 iubetur

322 2407 373 2447 in
397 2403 549 2462 Libya
576 2405 734 2448 arbem
754 2406 964 2445 condere.
985 2404 1005 2457 (
1025 2403 1141 2458 150.)
1171 2405 1381 2455 Theraei,
1403 2405 1514 2444 duce
1535 2404 1627 2445 Co-

321 2458 458 2502 robio
476 2460 683 2510 Cretensi,
705 2461 752 2499 in
768 2462 983 2502 Plateam
1004 2460 1193 2500 insulam
1210 2459 1380 2512 Libyae
1400 2459 1627 2515 navigant.

322 2515 467 2570 (151.)
499 2516 765 2568 Corchium,
792 2518 899 2556 dum
921 2516 1184 2556 advenirent
1205 2515 1377 2567 coloni,
1399 2516 1544 2556 solum
1562 2513 1626 2554 ibi

321 2573 520 2613 relictum
532 2603 545 2626 ,
562 2571 678 2612 fame
695 2571 902 2614 liberavit
914 2572 1114 2614 Colaelcs
1124 2571 1319 2622 Sa1nius3
1333 2570 1412 2623 qui
1429 2570 1533 2611 dein
1545 2582 1628 2622 -per
