1791 3052
477 247 707 297 LIBRI
765 244 1106 316 QUARTI.
1361 252 1457 302 535

146 360 291 404 dicam
322 365 483 402 terram
510 359 773 402 invaserant.
819 356 1070 401 Cimmerii
1083 387 1100 407 ,
1137 358 1215 412 qui
1249 358 1458 402 intestina

145 417 368 458 discordia
384 416 630 470 perierunt,
648 416 705 454 ad
728 416 771 455 T
759 429 904 472 yram
923 417 967 455 fl.
984 415 1172 469 sepulti3
1197 415 1362 468 reliqui
1380 430 1459 470 pe-

145 472 371 514 ninsulam
384 501 394 518 ,
417 472 464 511 in
484 484 570 522 qua
585 470 687 510 dein
704 471 910 527 Synope,
926 479 1215 524 occuparunt.
1236 478 1274 519 (ι
1289 487 1322 512 1.
1345 475 1431 520 12.)

199 527 417 570 Aristeas
435 526 783 579 Proconnesius,
805 535 961 566 auctor
984 527 1193 567 carminis
1210 526 1283 567 cui
1306 527 1461 568 titulus

146 583 451 636 Arimaspea,
475 583 531 621 de
554 582 737 636 populis
768 595 902 635 supra
929 583 1129 640 Scythas
1152 582 1461 623 habitantibus

147 641 286 680 multa
321 639 542 678 fabulatus
572 646 657 678 est:
690 639 745 677 de
769 637 868 690 ipso
896 638 1069 678 Aristea
1102 638 1217 679 mira
1249 637 1459 693 prodigia

146 702 325 735 narrant
355 694 652 734 Proconnesii
679 701 720 734 et
742 693 1058 746 Metapontini.
1075 695 1119 742 (ι
1138 698 1192 735 3-
1209 711 1220 733 ι
1234 697 1300 740 5.)
1333 696 1460 734 Ultra

146 749 393 792 Issedonas
408 748 456 788 in
471 748 549 788 illa
570 756 789 790 terrarum
812 751 942 804 plaga
962 763 1097 790 nemo
1113 750 1333 803 pervenit.
1351 752 1460 799 (16.)

147 803 357 863 Scythici
370 802 572 858 populi,
599 803 1094 860 eorumquefinidmi,
1124 812 1167 845 et
1196 807 1310 846 ultra
1333 804 1462 845 hahi-

145 868 295 902 tames.
318 862 385 900 Ab
404 860 635 902 occidente
648 859 964 918 Borysthenis
980 863 1037 902 ad
1055 861 1296 914 Hypanin,
1318 859 1461 903 Calli.

134 912 305 970 pidae;
326 930 461 969 supra
482 917 565 958 hos
587 918 852 963 Alazones,
871 925 966 957 tum
988 918 1190 975 Scythae
1214 924 1460 965 aratores,-

143 971 339 1023 denique
358 969 541 1014 Neuri:
559 974 578 1021 (
597 974 686 1023 ¹7·)
714 975 770 1013 ab
796 973 968 1012 oriente
986 975 1191 1026 Borysth.
1211 972 1416 1026 proxima
1434 985 1459 1013 a

141 1027 256 1067 mari
275 1034 412 1076 terra,
433 1029 495 1068 H
481 1029 650 1084 ylaea;
679 1042 813 1081 supra
834 1042 972 1079 quam
987 1029 1190 1086 Scythae
1204 1027 1462 1086 agricolae,

143 1082 223 1134 qui
241 1091 282 1123 et
297 1082 669 1141 Borysthenitae
682 1092 723 1123 et
739 1082 1064 1138 Olbiopolitae
1080 1092 1317 1134 vocantur3
1339 1083 1459 1138 dein,

141 1146 244 1191 post
269 1141 514 1193 desertum,
540 1138 873 1196 Androphagi.
903 1142 1027 1189 (18.)
1071 1140 1152 1180 His
1177 1142 1233 1180 ab
1263 1140 1460 1193 oriente,

141 1193 260 1235 inter
275 1193 574 1249 Panticapen
589 1197 629 1234 fl.
653 1203 694 1235 et
711 1195 966 1241 Gerrhum,
984 1196 1185 1253 Scythae
1198 1197 1251 1237 N
1251 1196 1460 1243 amodes,-

141 1249 266 1303 (¹9·)
286 1258 328 1291 et
343 1258 460 1292 trans
477 1253 718 1295 Gerrhum‚
735 1248 876 1308 Regii
891 1251 1114 1308 Scythae,·
1133 1251 1211 1304 qui
1228 1264 1253 1290 a
1271 1251 1460 1292 meridie

149 1308 334 1348 Tauros
357 1309 544 1360 habent,
563 1308 617 1346 ab
645 1306 818 1347 oriente
847 1304 1033 1346 Tanain
1050 1336 1062 1351 ,
1086 1320 1112 1346 a
1141 1307 1460 1360 septemtrione

141 1363 538 1404 Melanchlaenas.
575 1363 702 1414 (20.)
749 1365 888 1402 Trans
921 1362 1093 1402 Tanain
1123 1363 1460 1409 Sauromatae,

139 1432 275 1471 supra
299 1432 411 1471 quos
436 1416 645 1465 Budini,
668 1425 762 1458 tum
782 1431 934 1458 versus
955 1418 1175 1459 orientem
1204 1420 1246 1458 T
1244 1419 1461 1476 hyssage-

143 1480 242 1521 tae,
265 1482 307 1515 et
326 1475 524 1531 Iyrcae,
554 1489 607 1515 ax
626 1473 862 1514 arboribus
883 1473 1147 1515 insidiantes
1171 1474 1300 1525 seris3
1326 1487 1462 1528 super

140 1531 223 1571 hos
247 1531 482 1584 Scythicus
504 1531 721 1583 populus,
749 1529 827 1581 qui
851 1543 876 1569 a
899 1530 1052 1585 Regiis
1073 1530 1249 1570 defecit.
1269 1531 1359 1580 (21.
1374 1530 1461 1579 22.)

142 1587 228 1627 Iste
250 1586 399 1628 omnis
425 1593 566 1627 terrae
585 1592 746 1626 tractus
766 1587 951 1638 planus3
980 1599 1115 1639 supra
1144 1600 1280 1639 quem
1304 1599 1460 1639 aspera

142 1648 186 1682 et
215 1651 427 1683 montana
449 1642 656 1682 incolunt
675 1639 964 1698 Argippaei,
997 1641 1114 1688 calvi
1136 1650 1179 1682 et
1203 1641 1307 1682 simi
1331 1655 1460 1695 prae-

142 1697 289 1753 longis
314 1697 498 1745 mentis,
530 1697 702 1738 arboris
731 1697 927 1737 maxime
953 1697 1101 1738 fructu
1124 1697 1353 1751 viventes,
1386 1695 1460 1737 eui

142 1752 402 1795 Ponticum
433 1767 620 1804 nomen,
656 1753 824 1793 fructus
851 1753 999 1808 aschy
1026 1760 1235 1805 vocatur3
1262 1754 1460 1807 populus

142 1823 263 1849 sacer
291 1809 468 1850 habitus
493 1823 519 1849 a
544 1808 760 1849 finitimis.
781 1810 875 1858 (23.
896 1814 991 1861 24.)
1027 1811 1171 1862 Supra
1195 1811 1278 1849 hos
1301 1809 1460 1849 dicun-

143 1872 216 1905 tur
236 1865 434 1906 habitare
458 1863 668 1905 homines
696 1863 995 1918 capripedes,
1017 1872 1113 1906 tum
1134 1864 1215 1905 alii
1232 1878 1314 1905 sex
1335 1877 1460 1904 men-

142 1918 273 1961 sibus
303 1919 601 1962 dormientes.
643 1922 712 1960 Ab
752 1920 925 1960 oriente
962 1920 1323 1976 Argippaeorum
1356 1925 1461 1960 sunt

143 1976 386 2018 Issedones
399 1992 415 2024 ,·
452 1976 532 2028 qui
559 1983 796 2029 parentum
839 1978 1055 2017 cadavera
1068 2007 1080 2030 ,
1121 1976 1223 2017 aliis
1253 1975 1461 2017 carnibus

143 2031 304 2086 mixta,
319 2032 505 2072 honoris
524 2046 672 2073 caussa
694 2033 950 2073 comedunt.
971 2032 1064 2083 (25.
1081 2034 1179 2083 26.)
1210 2032 1292 2073 His
1317 2045 1343 2071 a
1361 2045 1459 2084 sep-

145 2094 289 2128 temtr.
312 2088 514 2128 habitare
534 2087 738 2129 feruntur
755 2102 928 2145 grypes
952 2088 1052 2128 auri
1076 2089 1301 2141 custodes,
1325 2094 1367 2127 et
1383 2089 1462 2127 ho-

143 2144 287 2184 mines
317 2141 539 2189 unoculi,
568 2157 680 2195 quos
712 2141 998 2198 Arimaspos
1033 2150 1208 2184 vocant.
1237 2145 1366 2195 (27.)
1406 2145 1462 2183 In

143 2200 236 2241 istis
257 2199 383 2239 terris
401 2198 512 2239 acris
534 2199 713 2255 hyems,·
740 2213 878 2252 quam
904 2199 1011 2251 equi
1037 2200 1220 2252 quidem
1255 2201 1459 2249 tolerant,

144 2258 222 2297 sed
242 2269 323 2295 nec
342 2254 477 2306 asini,
500 2268 583 2294 nec
602 2255 734 2295 muli:
753 2261 795 2295 et
816 2257 874 2294 ob
894 2256 1034 2310 frig-us
1054 2269 1221 2296 cornua
1239 2261 1315 2295 aut
1335 2255 1461 2295 nulla

144 2318 220 2351 aut
243 2311 401 2365 exigua
420 2312 586 2350 habent
606 2312 758 2352 boves.
782 2311 878 2361 (28.
892 2313 987 2364 29.)
1017 2311 1164 2351 Aliam
1184 2312 1243 2351 ob
1263 2322 1461 2351 caussam

146 2366 194 2406 in
215 2367 354 2407 Elide
380 2365 494 2406 muli
513 2380 607 2406 non
633 2366 895 2423 gignuntur.
920 2368 1047 2419 (30.)
1076 2368 1269 2408 Pennae
1296 2365 1460 2418 quibus

145 2423 353 2475 oppletus
377 2429 440 2462 est
464 2425 564 2475 aer,
589 2431 691 2462 sunt
718 2421 818 2463 nim.
844 2424 939 2472 (δι.
962 2424 1066 2463 coll.
1088 2437 1124 2463 c.
1142 2425 1210 2475 7.)
1254 2424 1320 2462 De
1349 2421 1459 2473 Hy-

139 2475 384 2531 perboreis
410 2477 649 2530 disputatio
665 2509 676 2531 7
700 2492 724 2518 a
745 2478 910 2530 quibus
931 2478 1171 2530 quotannis
1191 2480 1305 2517 duae
1324 2475 1461 2530 virgi-

148 2546 226 2573 nes
243 2546 342 2572 cum
364 2532 495 2572 sacris
511 2533 713 2574 stramini
730 2534 904 2574 triticeo
932 2534 1150 2574 involutis
1169 2534 1341 2573 Delum
1363 2531 1464 2572 mis-

147 2602 219 2630 sae
238 2587 545 2641 perhibentur.
559 2589 638 2640 (32
652 2587 773 2644 -34.)
805 2589 926 2631 olen
946 2593 1103 2643 poeta,
1122 2589 1372 2630 carminum
1391 2600 1465 2627 au-
