1801 3062
116 287 269 412 3ῗέΨῂ
405 282 1128 336 MELPOMENE.
1334 286 1431 350 293

114 418 180 455 την
202 398 260 455 ἦῶ
275 432 288 451 ‚
319 389 446 446 κατοί
459 414 538 460 περ
565 412 639 452 της
665 392 858 451 Ἀττικῆς
886 385 1039 456 χωρης·
1084 391 1162 441 καὶ
1188 386 1432 458 παραπλή-

112 493 195 523 σια
214 495 346 538 ταυτῃ
368 475 474 535 καὶ
469 476 504 522 οἱ
528 471 694 536 Ταῦροι
717 490 909 537 νεμονται
937 491 1014 528 της
1045 467 1286 529 Σκυθικῆς,
1320 491 1376 526 ως
1397 475 1432 520 εἰ

114 553 189 610 τῆς
208 550 400 608 Ἀττικῆς
419 539 541 598 οἵλλο
574 538 681 605 ἔθνος
711 552 790 596 καὶ
818 541 885 614 μῆ
916 545 1114 605 Ἀθηναῖοι
1145 551 1335 613 νεμοίατο
1366 541 1432 598 τᾶν

111 623 253 690 γουνόν
272 623 338 677 τδν
362 621 620 679 Σουνιακον,
658 627 840 690 μᾶλλον
869 627 913 682 ἐς
934 620 1001 675 τδν
1030 619 1176 675 πόντον
1207 647 1274 685 την
1305 614 1431 691 σῖκρην

43 729 96 760 20
114 698 346 766 αἶνεχοντα,
385 698 450 754 τδν
487 698 581 753 οἰπδ
619 700 811 768 Θορικου
841 723 975 770 μεχοι
1011 697 1322 755 ἈναΦλιίο-του
1361 697 1430 763 δη-

109 802 208 849 μου.
270 774 342 832 λε
329 803 395 844 χω
433 775 497 835 δε,
545 803 601 837 ως
642 777 742 830 εἶναι
782 783 931 830 ταῦτα
975 775 1148 867 σμικροὶ
1187 775 1430 845 μεγαλοισι

110 850 397 924 συμβαλεειν.
445 861 618 907 τοιοῦτον
653 858 680 915 ἠ
713 851 911 923 Ταυοικη
941 858 1045 907 ἐστι.
1081 879 1125 913 ος
1151 851 1196 907 δέ
1231 860 1302 916 τῆς
1328 857 1428 907 Ἀτ-

107 955 229 993 τικης
249 955 398 984 ταυτα
422 956 483 1001 μη
508 927 878 1000 παραπεπλωκε,
910 928 1002 996 ε’·γω
1033 928 1079 983 ὃε
1104 926 1263 990 αλλως
1291 927 1432 993 δηλω-

107 1024 190 1062 σω·
231 1012 287 1068 ὥς
326 1017 359 1062 εὶ
393 1015 465 1072 τῆς
495 1010 711 1075 Ἰηπυγίης
740 1005 862 1061 ἄλλο
901 1005 1032 1068 ἔθνος,
1076 1014 1155 1062 καὶ
1191 1007 1257 1080 fan*
1285 1006 1429 1072 Ἰήπυ-

39 1115 90 1155 25
109 1108 209 1152 γες,
256 1082 482 1156 αρξαΙμενοι
523 1092 573 1140 ἐκ
607 1089 839 1156 Βρεντεσίου
877 1085 1075 1157 λιμένος,
1121 1092 1428 1156 α’ποταμοίατο

107 1159 242 1234 μέχρι
270 1160 514 1233 Ταραντος,
548 1188 627 1216 και
659 1171 847 1259 νεμοίατο
876 1190 944 1227 την
975 1159 1115 1234 ακρην.
1169 1162 1241 1218 δύο
1273 1163 1318 1220 δε
1351 1162 1428 1219 λε-

107 1264 199 1306 γιον
236 1247 412 1298 ταῦτα,
456 1238 617 1312 πολλα
648 1239 775 1306 λεγω
813 1240 1060 1312 παρόμοια,
1103 1267 1209 1297 τοισ·ι
1244 1238 1427 1296 αλλοισι

109 1316 217 1372 ἔοικε
236 1322 260 1379 ἦ
282 1314 491 1387 Ταυρικη.
563 1316 631 1372 T3
653 1320 690 1370 δ’
718 1316 813 1372 oin-3
838 1345 912 1382 της
935 1321 1176 1388 Ταυρικης,
1203 1315 1274 1382 ηὸη
1298 1316 1428 1374 Σκυ-
1449 1337 1541 1370 100

109 1396 200 1449 θαι
227 1393 277 1449 τὲ
305 1392 541 1465 κατύπερθε
570 1422 650 1450 των
677 1393 859 1465 Ταυρων
889 1421 967 1449 και
999 1421 1060 1450 τα
1096 1394 1200 1466 προς
1229 1394 1427 1451 θαλασ-

107 1497 186 1535 eng
217 1478 289 1535 τῆς
316 1477 418 1536 ηὀίης
447 1471 662 1544 νέμονται,
697 1481 773 1527 τοῦ
801 1497 845 1528 τε
881 1471 1098 1544 Βοσπέρου
1136 1480 1210 1528 τοῦ
1240 1476 1420 1545 Κιμμε-

106 1633 314 1688 Scythiae
332 1639 506 1688 partem
535 1632 688 1675 Tauri
710 1633 937 1688 incolunt,
958 1647 1009 1675 ac
1031 1633 1069 1676 si
1096 1634 1264 1675 Atticae
1287 1647 1431 1689 angu-

104 1702 202 1742 lum
221 1700 488 1754 Sunhcum,
518 1701 881 1755 promontorium
911 1702 1028 1744 illud
1057 1702 1198 1759 magis
1225 1701 1273 1742 in
1305 1714 1429 1742 mare

107 1778 344 1806 excurrens
362 1779 388 1806 a
405 1764 602 1806 Thorico
633 1780 775 1819 usque
801 1768 858 1807 ad
877 1767 1209 1821 Anaphlystum
1235 1779 1428 1820 pagum,

106 1829 219 1874 alius
243 1829 459 1871 incoleret
482 1832 703 1885 populus,
723 1845 817 1872 non
836 1831 1142 1874 Athenienses.
1178 1830 1292 1872 Dico
1315 1832 1427 1883 hoc,

106 1909 247 1952 parva
272 1898 381 1938 haec
406 1913 507 1939 cum
527 1899 699 1953 magnis
723 1898 970 1940 conferens.
1005 1899 1127 1941 Talis
1149 1898 1286 1954 igitur
1307 1899 1429 1937 Tau-

107 1959 214 2003 rica
232 1969 307 2004 est.
335 1965 469 2019 Quod
486 1964 525 2006 si
550 1965 650 2017 quis
665 1967 781 2006 hanc
794 1965 964 2006 Atticae
985 1972 1159 2020 partem
1181 1978 1274 2005 non
1299 1976 1431 2016 prae-

104 2029 426 2086 ternavigavit,
461 2031 568 2073 huic
599 2045 683 2088 ego
716 2032 804 2074 alia
838 2032 1012 2073 ratione
1041 2047 1136 2073 rem
1167 2031 1431 2072 declarabo:

105 2096 294 2151 perinde
320 2103 384 2139 est
404 2111 454 2139 ac
479 2099 518 2139 si
542 2098 756 2156 Iapygiae
783 2099 1148 2154 promontorium
1177 2112 1269 2139 non
1289 2096 1430 2151 Apuli

104 2163 378 2219 habitarent,
395 2167 473 2206 sed
489 2165 602 2207 alius
614 2168 810 2220 populus
822 2198 834 2220 ,
851 2181 876 2207 a
893 2166 1146 2208 Brundusio
1164 2172 1298 2220 portu
1315 2162 1431 2204 inci-

105 2229 233 2284 piens
248 2262 260 2284 ,
285 2238 328 2272 et
347 2245 489 2284 usque
503 2234 560 2272 ad
572 2234 813 2274 Tarentum
828 2235 886 2274 ab
902 2233 992 2274 illis
1011 2232 1254 2287 praecisus.
1283 2232 1431 2282 Atque

107 2297 216 2338 haec
240 2299 332 2340 duo
362 2313 504 2352 quum
529 2299 654 2353 dico,
687 2301 828 2341 multa
856 2300 946 2341 alia
974 2299 1140 2341 similia
1167 2298 1296 2351 dico,
1327 2296 1430 2350 qui-

107 2363 292 2406 buscum
317 2367 508 2408 conferri
535 2369 578 2408 T
573 2365 744 2409 aur-ica
768 2362 927 2421 potest.
984 2365 1127 2422 (ιοο.)
1155 2368 1250 2406 Iam
1273 2365 1379 2404 inde
1403 2376 1429 2404 a

107 2432 199 2472 Tau
207 2430 296 2472 rica
315 2439 443 2487 terra,
460 2449 573 2487 quae
589 2441 693 2476 sunt
709 2448 844 2488 supra
853 2436 1038 2488 Tauros,
1055 2439 1097 2474 et
1110 2446 1222 2485 quae
1237 2433 1291 2472 ad
1307 2444 1429 2471 mare

109 2497 233 2548 quod
263 2498 320 2536 ad
345 2498 562 2540 orientem
597 2506 660 2542 est
692 2500 941 2554 pertinent,
971 2513 1024 2540 ea
1048 2512 1198 2540 rursus
1226 2495 1429 2555 Scythae

107 2562 333 2617 incolunt,
355 2578 467 2617 quae
486 2567 541 2607 ab
565 2566 796 2609 occidente
819 2564 1007 2621 Bospori
1026 2562 1261 2606 Cimmerii
1284 2567 1328 2603 et
1349 2563 1431 2601 Pa-
