1791 3052
1353 258 1445 306 531

191 474 800 525 ARGUMENTUM
839 475 1065 523 LIBRI
1100 474 1393 524 TERTII.

141 595 209 677 C
226 651 394 678 AUssA
413 634 520 678 belli
541 651 572 677 a
595 637 871 693 Cambyse
895 638 994 678 adv.
1015 637 1286 695 Aegyptum
1306 651 1453 679 susce-

136 693 229 747 pti:
252 690 441 734 Amasis
463 693 701 746 Cambysi,
723 693 862 733 filiam
882 693 1021 746 ipsius
1038 694 1087 733 in
1112 694 1453 734 matrimonium

136 748 322 802 petenti,
356 748 515 800 Apriae
547 748 686 788 filiam
715 763 799 802 pro
828 763 906 789 sua
932 749 1123 790 miserat.
1150 748 1300 803 (Cap.
1317 766 1332 789 1
1351 749 1452 803 -3.)

137 807 310 844 Phanes
328 804 525 844 Graecus
543 804 598 843 ab
621 805 829 844 Amaside
852 806 908 844 ad
931 805 1191 862 Cambysen
1211 805 1452 860 profugus⁷

137 861 263 899 docet
291 872 393 898 eum
412 857 630 900 rationem
658 875 744 912 qua
770 875 848 913 per
875 860 1050 913 Syriam
1080 860 1192 915 (ubi
1211 863 1318 901 urbs
1345 861 1452 902 insi-

133 914 233 970 gnis
257 913 487 970 Cadylis)
509 922 550 955 et
569 930 650 968 per
669 916 858 956 Arabiae
879 916 990 957 fines
1010 916 1057 956 in
1078 919 1335 971 Aegyptum
1354 931 1453 970 pos-

133 970 189 1011 sit
207 979 450 1023 penetrare.
478 968 628 1025 (45.)
659 972 794 1012 Dolia
823 980 1008 1012 testacea
1032 980 1132 1024 post
1151 975 1260 1012 haec
1279 972 1327 1011 in
1351 977 1453 1014 Ara-

132 1026 232 1066 biae
250 1026 430 1066 desertis
446 1028 659 1079 deposita.
675 1025 759 1081 (6.)
790 1029 963 1068 Foedus
979 1027 1212 1081 Cambysis
1227 1042 1330 1070 cum
1345 1032 1455 1069 Ara-

131 1083 241 1121 bum
270 1096 386 1135 rege.
406 1081 506 1136 (7.)
545 1082 673 1122 Ritus
706 1083 922 1123 Arabum
941 1112 953 1125 .
982 1090 1024 1122 et
1053 1084 1240 1123 numina
1272 1085 1328 1124 ab
1361 1085 1453 1125 illis

133 1139 262 1176 culta.
281 1136 382 1190 (8.)
432 1140 581 1190 Aquae
602 1138 731 1191 eopia
751 1138 902 1180 Arabs
922 1140 1174 1192 Cambysen
1204 1139 1385 1180 instruit
1403 1140 1453 1180 in

133 1192 327 1233 desertis.
350 1193 450 1248 (9.)

186 1251 368 1288 Mortuo
405 1248 610 1289 Amaside
629 1280 640 1299 ‚
680 1248 800 1289 filius
841 1249 936 1290 eius
975 1250 1359 1298 Psammenicus,
1395 1252 1452 1291 ad

130 1303 359 1344 Pelusium
379 1301 604 1361 Cambysi
622 1318 858 1345 occurrens
874 1333 886 1350 ‚
917 1305 1010 1344 aeri
1042 1306 1214 1358 praelio
1244 1307 1453 1348 vincitur.

130 1358 231 1413 (ιο.
248 1359 341 1413 ιι.)
371 1361 710 1414 Aegyptiorum
729 1361 878 1400 crania
894 1362 1098 1415 robus1a‚
1120 1363 1352 1403 Persarum
1369 1363 1454 1403 fra-

129 1414 347 1470 gilia.(12
375 1413 395 1468 )
436 1417 696 1470 Expugnata
723 1413 964 1470 Memphi,
986 1417 1034 1456 in
1067 1431 1204 1469 quam
1237 1417 1452 1474 confuge-

131 1479 230 1510 rant
250 1471 488 1526 Aegyptii,
505 1473 711 1513 universa
724 1473 942 1530 Aegypto
958 1471 1155 1526 potitur
1176 1474 1454 1531 Cambyses,-

130 1534 174 1565 et
195 1526 375 1566 finitimi
396 1526 560 1580 Libyes
587 1537 628 1568 et
644 1529 863 1581 Cyrenaei
879 1530 998 1568 ultro
1014 1543 1060 1569 se
1075 1529 1116 1569 ei
1132 1532 1321 1570 tradunt.
1339 1528 1452 1584 (13.)

131 1580 483 1624 Psammenitus
510 1584 765 1624 humaniter
792 1584 971 1626 habitus
994 1598 1016 1623 a
1040 1586 1284 1638 Cambyse,
1313 1594 1362 1626 ut
1379 1600 1453 1627 so·-

131 1637 224 1677 lent
248 1640 408 1679 Persae
433 1653 534 1679 eum
559 1639 872 1680 rebellantium
894 1654 1046 1695 regum
1072 1640 1176 1682 filiis
1198 1656 1353 1696 agere:
1372 1643 1452 1682 sed

132 1693 237 1733 dein
271 1708 340 1734 res
371 1707 511 1735 novas
542 1696 755 1748 moliens,
796 1703 979 1736 necatur
1017 1697 1199 1737 taurino
1233 1697 1452 1753 sanguine

131 1750 305 1790 hausto.
325 1749 345 1804 (
363 1764 406 1800 ¹4
441 1750 534 1803 15.)
582 1752 633 1791 In
660 1752 886 1792 Amasidis
908 1752 1098 1792 cadaver
1125 1752 1292 1793 nefarie
1312 1754 1452 1794 saevit

133 1804 405 1862 Cambyses,·
423 1804 548 1859 (16.)
585 1807 664 1859 qui
693 1821 796 1847 mox
822 1809 993 1855 bellum
1011 1808 1155 1848 faeere
1177 1808 1327 1849 statuit
1348 1811 1452 1849 Car-

132 1861 484 1916 thaginiensibus
505 1891 516 1907 ,
560 1863 842 1912 Ammoniis‚
880 1870 922 1904 et
958 1862 1302 1918 Aethiopibus,
1328 1866 1451 1918 apud

134 1931 246 1970 quos
263 1913 386 1957 Solis
408 1931 564 1958 mensa
590 1919 707 1959 fama
730 1921 990 1959 celebratur.
1009 1919 1107 1973 (17.
1131 1920 1225 1974 18.)
1257 1921 1451 1961 Phoeni-

134 1987 235 2013 cum
256 1973 417 2025 pietate
439 1974 557 2014 bello
578 1975 824 2016 liberantur
842 1973 1275 2031 Carthaginienses.
1294 1975 1314 2031 (
1331 1975 1421 2030 ¹9·)

189 2029 521 2083 Ichthyophagi
541 2044 594 2070 ex
622 2031 917 2084 Elephantine
938 2033 1048 2071 urbe
1075 2034 1130 2071 ad
1157 2031 1448 2085 Aethiopum

133 2082 295 2139 regem'
323 2084 456 2138 legati
486 2098 584 2125 cum
614 2087 771 2137 donis3
808 2085 1056 2139 Aethiops,
1088 2087 1195 2127 vino
1233 2097 1447 2143 excepto,

131 2140 300 2193 'spernit
321 2141 438 2179 dona
459 2147 501 2179 et
522 2141 689 2182 victum
716 2145 942 2183 Persarum
957 2170 968 2187 ‚
989 2156 1232 2195 arcumque
1257 2144 1448 2185 Aethio,-

131 2196 282 2248 picum
313 2194 539 2252 Cambysi
561 2197 854 2238 adferendum
877 2198 1033 2253 legatis
1061 2199 1205 2239 tradit.
1225 2199 1418 2254 (20-23.

132 2253 364 2293 Mortuoru
374 2266 412 2291 m
430 2254 644 2293 cadavera
657 2254 772 2293 vitro
786 2254 1064 2294 circumdant
1075 2201 1449 2310 Aethiopes.(24.3

132 2307 366 2348 Adversus
391 2306 643 2362 Aethiopas
676 2310 900 2362 profectus
927 2309 1177 2368 Cambyses
1193 2311 1351 2353 .‘fame
1374 2327 1447 2352 co-

133 2363 254 2416 gitur
285 2362 462 2404 reverti.
489 2362 616 2418 (25.)
659 2367 814 2405 Persae
848 2367 949 2408 adv.
980 2364 1264 2408 Ammonio-9
1299 2368 1446 2421 missi,

136 2416 289 2459 Oasin
316 2420 650 2528 {raetffrgressss
677 2429 831 2462 coorto
861 2430 1009 2463 austro
1029 2425 1166 2462 arena
1190 2422 1340 2463 obruti
1368 2438 1446 2476 pe-

133 2472 316 2513 rierunt.
367 2477 431 2515 26.

191 2531 257 2569 Re
280 2529 441 2571 infecta
460 2532 694 2585 Memphin
711 2546 909 2577 reversus
933 2533 1208 2629 Camgffises,
1231 2548 1371 2585 quum
1386 2534 1445 2574 ob

1147 2601 1173 2630 2
