1791 3052
485 252 738 302 LIBRI·
768 249 1114 321 QUARTI.
1363 251 1459 317 537

153 367 270 410 miro
301 367 440 408 modo
464 370 683 419 peractae.
713 362 810 417 (7¹·
832 360 929 416 72.)
959 363 1239 403 Privatorum
1263 365 1462 416 sepultu-

156 438 226 476 ra,
250 431 291 464 et
307 422 512 478 purgatio
536 434 691 461 eorum
719 418 798 470 qui
820 418 1139 471 sepeliverunt.
1164 416 1292 471 (73.)
1337 419 1464 477 Can-

156 477 291 520 nabis
324 486 366 519 et
399 483 557 530 sponte
591 481 692 514 nata
729 481 771 513 et
803 482 917 523 sata;
961 488 1048 526 qua
1086 481 1128 514 et
1161 474 1208 513 in
1242 481 1384 514 vestes
1421 480 1464 514 et

157 535 325 575 semine
360 546 443 586 pro
479 529 733 571 suffimento
770 536 969 570 utuntur.
1009 531 1107 581 (74.
1135 527 1236 582 75.)
1269 530 1464 582 Scythae

156 590 293 630 alieni
318 603 343 629 a
372 587 571 627 moribus
595 585 801 626 externis.
837 583 1136 626 Anacharsis
1145 613 1160 632 ,
1190 599 1243 625 ex
1268 584 1466 639 peregri-

156 645 341 692 natione
364 656 586 694 reversus,
621 641 758 682 Matri
786 640 929 681 Deum
961 655 1082 682 sacra
1107 641 1298 692 faciens,
1326 640 1465 680 inter-

155 701 294 740 fectus
331 706 406 738 est.
434 696 530 751 (76.
561 696 657 750 77.)
692 697 834 737 Etiam
863 698 1026 752 Scylas
1051 711 1155 749 rex,
1187 698 1465 737 Graecorum

156 769 299 796 mores
323 755 571 794 aemulatus
601 760 643 793 et
672 755 841 793 Baccho
870 752 1091 805 initiatus,
1117 766 1256 806 regno
1278 752 1463 805 eiectus,

155 819 201 851 et
228 825 252 850 a
279 807 453 850 Sitalce
478 809 690 849 Thraciae
724 822 827 863 rege
847 809 1074 862 proditus,
1101 807 1358 856 interfectus
1387 815 1465 848 est.

153 865 269 919 (78-
286 867 383 914 80.)
409 867 676 917 Scytharum
706 864 963 904 multitudo.
991 863 1187 903 Immani
1216 866 1337 904 mole
1357 864 1465 904 alze-

152 935 287 965 num,
319 934 376 961 ex
405 921 606 961 telorum
632 917 858 973 spiculis,
887 934 1001 973 quae
1027 934 1052 959 a
1080 919 1268 974 singulis
1287 920 1465 972 Scythis

151 977 311 1016 collata
333 983 476 1022 erant,
514 976 781 1017 confectum.
806 974 931 1029 (81.)
960 975 1209 1031 Vestigium
1235 973 1466 1017 Herculis

150 1031 416 1078 bicubitale,
445 1039 599 1085 petrae
615 1031 881 1084 inpressum.
902 1029 1032 1085 (82.)

205 1086 363 1128 Dario
384 1087 519 1128 frater
538 1088 787 1127 Artabanus
817 1087 984 1127 bellum
1008 1084 1283 1143 Scythicum
1303 1086 1465 1128 frustra

151 1142 388 1184 dissuadet.
415 1140 542 1197 (83.)
571 1145 678 1183 Tres
705 1142 822 1182 filios
851 1142 1017 1183 nobilis
1050 1146 1238 1194 Persae,
1269 1156 1464 1195 quorum

149 1207 275 1251 pater
304 1213 386 1251 pro
413 1213 505 1239 uno
535 1198 813 1238 vacationem
843 1197 1032 1238 militiae
1058 1198 1271 1252 petierat,
1301 1198 1467 1238 occidit

151 1253 327 1295 Darius.
355 1254 479 1309 (84.)
507 1255 577 1294 Ad
608 1257 855 1307 Bosporum
882 1261 1021 1306 ponte
1049 1255 1252 1294 iunctum
1282 1254 1362 1294 ubi
1388 1268 1466 1295 rex

150 1309 299 1363 venit,
329 1316 495 1363 spectat
532 1311 745 1352 Pontum
774 1307 1046 1355 Euaeinum,
1074 1310 1199 1350 cuius
1222 1324 1464 1362 .·mensura,

150 1372 201 1406 ut
227 1373 268 1405 et
294 1363 527 1418 Bospori,
543 1363 886 1419 Propontidis,
908 1373 949 1406 et
967 1364 1296 1420 Hellesponti,
1318 1368 1466 1406 decla-

150 1428 285 1462 ratur.
308 1421 406 1472 (85.
428 1420 524 1476 86.)
557 1423 682 1461 Duae
711 1423 947 1462 columnae
978 1423 1036 1460 ad
1062 1428 1247 1475 pontem
1271 1429 1464 1472 erectae,

150 1478 289 1517 altera
309 1476 501 1530 Assyriis
523 1476 663 1518 literis
693 1476 927 1530 inscripta,
953 1478 1088 1517 altera
1109 1477 1302 1518 Graecis.
1333 1476 1466 1531 (87.)

152 1531 438 1573 Architectus
474 1532 624 1586 pontis
659 1532 894 1587 magnifice
928 1534 1131 1574 donatus.
1164 1531 1294 1587 (88.)
1331 1535 1465 1573 Iones

124 1598 129 1603 ’
149 1589 340 1628 navibus
355 1587 402 1628 in
418 1587 600 1629 Istrum
616 1588 758 1641 missi,
781 1603 914 1640 quem
934 1596 1071 1642 ponte
1091 1590 1349 1644 iungerent:
1370 1590 1467 1630 Da-

149 1642 255 1684 rius
291 1657 373 1696 per
412 1645 649 1685 Thraciam
683 1644 768 1684 iter
809 1644 928 1684 fecit.
960 1644 1086 1697 (89.)
1132 1645 1374 1698 Inscriptio
1408 1646 1466 1685 ad

149 1700 339 1740 Tearum
359 1699 550 1740 fluvium
575 1700 741 1741 relicta.
767 1698 858 1752 (90.
881 1699 971 1754 91.)
996 1703 1203 1757 Ingentes
1228 1700 1375 1741 acervi
1402 1702 1468 1740 la-

149 1754 309 1807 pidum
341 1768 369 1795 a
406 1755 594 1811 singulis
635 1755 854 1797 militibus
891 1759 1174 1797 collatorum.
1211 1755 1339 1810 (92.)
1373 1755 1466 1796 Alii

158 1809 360 1851 Thraces
377 1825 424 1851 se
445 1813 635 1853 dedunt:
663 1812 712 1852 vi
737 1812 909 1853 subacti
929 1813 1091 1860 Getae,
1121 1812 1201 1864 qui
1219 1821 1321 1866 post
1343 1826 1466 1852 mor-

153 1872 242 1905 tem
265 1867 323 1905 ad
345 1865 608 1909 Zalmoaein
637 1882 684 1908 se
711 1868 802 1917 ire,
833 1882 1100 1921 semperque
1128 1869 1283 1908 vivere
1316 1867 1466 1908 existi-

149 1928 286 1963 mant.
342 1920 436 1974 (93.
482 1922 581 1979 94.)
626 1926 695 1964 De
739 1921 974 1964 Zalmoxi
1021 1923 1169 1964 variae
1207 1923 1465 1964 sententiae.

151 1975 249 2030 (95.
274 1974 372 2030 96.)
413 1978 596 2019 Darius
623 1979 785 2020 Istrum
817 1986 1132 2033 transgressus,
1164 1977 1281 2022 Cois
1315 1978 1467 2019 Lesbii

151 2032 326 2072 monitu
359 2047 451 2073 non
475 2035 610 2075 solvit
637 2042 846 2088 pontem,
878 2037 956 2075 sed
990 2035 1181 2076 Ionibus
1213 2034 1467 2075 custodien-

153 2090 261 2129 dum
283 2087 509 2141 relinquit.
538 2089 634 2144 (97.
657 2088 753 2143 98.)

205 2141 403 2200 Scythia
426 2151 584 2192 vetus,
626 2148 682 2187 ab
715 2146 832 2187 Istro
864 2148 918 2187 ad
948 2146 1119 2187 Tanain
1155 2152 1356 2200 porrecta
1374 2177 1386 2197 ,
1416 2145 1466 2186 in

151 2201 303 2241 medio
328 2212 354 2238 a
369 2199 559 2241 meridie
576 2202 709 2242 habet
743 2199 998 2243 Tauricam
1013 2219 1026 2242 :
1053 2217 1245 2256 superne
1263 2201 1467 2242 habitant

150 2253 442 2313 Agathyrsi,
491 2255 673 2303 Νεανί,
719 2255 1062 2316 Androphagi,
1100 2257 1466 2312 Melanchlaeni.

152 2309 248 2363 (99.
268 2308 386 2364 100.)
414 2313 641 2366 Quadrata
668 2312 760 2352 fere
779 2314 985 2367 Scythia,
1008 2314 1055 2354 in
1081 2329 1153 2354 xx.
1183 2315 1357 2354 dierum
1380 2313 1463 2354 iter

152 2365 200 2404 in
221 2366 441 2420 longitud.
474 2374 517 2407 et
543 2368 717 2409 latitud.
739 2376 874 2421 patet.
899 2368 1053 2424 (101.)
1083 2372 1260 2411 Horum
1285 2383 1463 2410 mores.-

159 2421 204 2459 Τ
197 2434 428 2462 aurorum
441 2437 457 2470 ‚·
487 2423 507 2476 (
525 2421 646 2477 103.)
672 2425 1084 2482 Agathyrsorum‚·
1105 2424 1257 2478 (104.)
1281 2427 1465 2465 Neuro-

151 2489 286 2523 rum,·
328 2475 484 2529 (105.)
519 2479 984 2538 Androphagorum,·
1027 2480 1184 2533 (106.)
1227 2480 1465 2521 Melanch-

152 2532 419 2580 leaenarum,-
448 2532 599 2588 (¹07·)
632 2534 961 2583 Rudinorum‚
987 2536 1071 2590 (cf.
1093 2551 1128 2576 c.
1147 2535 1240 2589 21.)
1269 2549 1464 2587 quomm

152 2585 199 2626 in
226 2586 390 2628 finibus
409 2595 473 2630 est
492 2590 596 2630 urbs
618 2589 768 2645 lignea
791 2592 1019 2640 Gelonus,
1046 2593 1242 2632 Graecae
1263 2590 1465 2647 originis.
