1760 3052
277 275 365 323 IN
403 270 829 322 HERODOTI
865 270 1009 318 LIB.
1048 271 1154 323 IV.
1300 270 1397 320 133

0 398 1 404 ¹
77 390 267 432 Homer.
286 405 331 444 p.
354 403 445 442 149,
473 395 534 432 15.
556 390 629 442 [p.
658 401 756 441 112,
781 390 845 427 51.
870 388 940 427 ed.
964 386 1088 436 Bas.]
1117 385 1241 426 Olim
1265 388 1399 437 οὔροισι.

0 450 1 466 ¹
76 444 201 488 Ibid.
229 444 579 495 ἈλκξῶνωνΛῙ-οῆ.
604 450 646 483 et
667 456 785 484 mox.
804 443 935 483 Conf.
951 457 987 482 c.
1006 458 1069 490 17.
1097 441 1190 481 Alii
1207 442 1396 489 Ἀλαζόνων

79 515 234 556 prave.
263 525 314 532 -
345 501 416 541 Sic
435 502 490 541 F.
514 501 603 540 Pa.
636 505 679 538 et
704 512 809 539 mox
841 499 1041 549 Ἀλαζόνας.
1110 498 1140 536 l.
1172 500 1234 539 13.
1263 498 1398 542 Ἐ-ξοιμ.-

79 556 208 610 orara)
235 557 482 603 Ἀμοιξοέμπεος
504 556 642 596 Pass.
666 567 745 594 ora
765 553 920 607 steph.
948 576 1000 587 -—
1031 555 1204 604 Nempe
1226 551 1289 592 sic
1319 564 1400 591 ora

0 617 2 630 ¹
77 613 238 666 steph.
257 614 327 653 ed.
345 623 380 651 2.
410 610 489 651 ubi
511 609 560 649 in
584 616 802 656 contextu;
819 611 1056 660 Ἐξαμπαῖος,
1074 608 1197 660 quod
1215 614 1399 647 tenuere

80 669 202 710 Edd.
217 681 340 720 seqq.
355 667 442 706 Sed
457 666 705 712 Ἀμοιξοέμπεος
722 667 792 706 ed.
805 665 913 705 Ald.
931 672 973 704 et
985 664 1142 717 steph.
1159 679 1193 703 ι.
1210 670 1253 702 et
1268 664 1399 708 Ἐξαμ-

80 729 181 770 παῖος
199 736 276 763 ora
292 721 447 774 Steph-
467 722 536 760 ed.
562 735 594 760 ι.
620 722 872 767 Ἃμαξοένπαιος
891 718 911 774 (
923 719 1017 773 sic)
1037 718 1252 772 scriptum
1272 717 1320 756 in
1340 718 1389 757 F
1388 745 1398 756 .

0 801 5 819 ι
77 779 350 826 Ἀμκξοέμποιιος
369 777 457 818 Pb.
488 778 552 816 Ex
574 774 674 816 aliis
699 774 860 818 Paris.
884 776 950 816 nil
980 781 1193 816 notatum.
1226 775 1399 814 Exam-

71 848 225 888 paeus
246 838 310 872 est
327 834 448 885 apud
468 832 521 873 V
516 832 597 871 all.
654 832 683 871 l.
715 839 776 875 15.
808 829 1087 884 Ἀλοέξωνοις)
1113 830 1306 879 Ἀλαξώνκς
1328 829 1398 869 ed.

86 890 237 931 Wess.
263 895 306 928 et
331 902 454 939 seqq.
485 887 600 928 Vide
620 900 774 940 supra,
797 889 903 928 var.
924 889 1041 927 Lect.
1063 887 1118 926 ad
1136 900 1171 926 ο.
1191 899 1258 938 17,
1282 886 1319 924 5.

111 943 283 985 ·CAP.
309 943 450 984 LIII.
475 941 582 983 Lin.
607 957 640 981 1.
668 941 884 995 Βορυσθένης)
907 944 926 983 o‘
942 947 1074 994 Βορυσθ.
1093 943 1246 995 vulgo.
1279 940 1399 981 Defit

0 1004 4 1030 ³·
77 997 327 1043 artic.Ask.
345 999 494 1040 Arch.
517 1000 654 1039 Pass.
671 1023 721 1029 n·-
746 999 802 1038 F.
826 995 986 1039 Paris.
1042 995 1164 1038 Ibid.
1189 997 1223 1042 ἔς
1243 1000 1311 1037 ἐστι
1334 1000 1400 1042 με’-

77 1054 198 1099 γιστᾶς
215 1053 281 1105 τε)
301 1054 374 1095 Sic
393 1053 538 1094 Arch.
563 1052 708 1094 Vind.
739 1054 774 1100 ἵν,-
794 1056 866 1094 ἒσ-τί
878 1072 914 1093 τε
932 1057 1013 1098 μέγ.
1035 1072 1070 1093 τε
1087 1050 1250 1094 Paris.
1268 1052 1329 1093 A·
1343 1053 1399 1092 B.

0 1110 2 1117 “
77 1107 190 1150 Ald.
216 1108 289 1163 [At
315 1124 367 1150 ex
388 1117 538 1150 nostro
551 1110 640 1150 Pa.
659 1108 762 1162 (qui
788 1116 850 1149 est
865 1106 1028 1150 Paris.
1044 1110 1100 1149 B.
1124 1107 1297 1161 Wess.)
1321 1109 1399 1148 ad-

78 1164 224 1205 fertur
264 1165 301 1211 ἕς
329 1169 397 1206 ἐστι
434 1168 614 1217 μέγιστος,
646 1167 815 1216 absque
843 1167 924 1214 va]
964 1164 1000 1210 ὃς
1031 1164 1244 1204 omittunt
1274 1164 1401 1204 Med.
1441 1208 1444 1209 ⁷

78 1220 218 1262 Pas-5·
238 1221 352 1261 Ask.
371 1222 450 1260 sed
467 1222 633 1260 hahent
653 1223 726 1261 ἐστι’
744 1238 778 1260 τε
799 1219 962 1265 μέγιστός
981 1237 1029 1259 τε.
1061 1221 1235 1272 Sequor
1249 1219 1399 1261 Arch-

84 1275 142 1316 V
137 1272 236 1315 ind.
253 1278 401 1316 locum
418 1282 633 1317 sanantes.
653 1299 702 1304 —--
736 1277 789 1315 In
808 1275 864 1314 F.
890 1274 953 1315 sic
977 1274 1193 1328 scriptum
1207 1304 1216 1322 ,
1242 1275 1400 1321 πεταμός

79 1333 170 1384 ἔστί,
188 1332 351 1377 μέγιστός
370 1345 442 1376 ys:
463 1338 505 1371 et
520 1331 696 1386 ignorat
715 1350 762 1372 τε.
793 1333 901 1370 ΜοΧ
921 1330 1045 1370 τούτων
1061 1332 1117 1372 F'.
1139 1345 1232 1371 non
1248 1333 1402 1371 τουτέων.

78 1385 112 1426 l.
137 1398 175 1437 4.
207 1383 399 1439 ἁπάντων)
429 1387 564 1427 πάντων
592 1386 712 1427 idem
732 1388 788 1427 F.
855 1386 883 1425 l.
913 1387 953 1425 6.
981 1385 1215 1440 συμβαλέειν)
1237 1386 1402 1430 συμβάλ-

78 1453 146 1482 λειν
175 1441 322 1482 Arch.
352 1443 405 1483 V
402 1440 498 1482 ind.
526 1444 644 1490 [Pa.
664 1444 771 1492 Pa]
803 1440 917 1481 citat
941 1442 1051 1481 haec
1072 1441 1294 1483 Eustath.
1320 1442 1403 1480 Pe·

77 1495 191 1552 rieg.
208 1511 271 1538 vs.
295 1501 387 1540 311.
446 1498 476 1537 l.
504 1500 543 1538 8.
570 1497 855 1545 εὐκομιδεστάτας
872 1496 998 1538 Med·
1018 1497 1156 1538 Pas&
1174 1498 1288 1539 Ask.
1319 1495 1403 1550 [R

78 1558 124 1593 et
142 1555 232 1595 Pa.
253 1552 300 1593 in
320 1551 456 1606 cont.]
482 1552 758 1599 εὐνομιδεο-τοέτας
773 1552 877 1593 Ald.
898 1552 1046 1594 Arc-h.
1076 1553 1127 1592 V
1125 1551 1224 1594 ind.
1238 1549 1403 1595 Paris.

77 1607 141 1651 A.
169 1630 223 1641 -
252 1623 416 1662 nempe
445 1608 509 1649 sic
536 1616 686 1649 noster
710 1610 795 1651 Pe.
822 1607 886 1649 sic
911 1621 1019 1648 vero
1043 1613 1087 1649 et
1107 1610 1195 1651 Pa.
1228 1608 1276 1648 in
1307 1610 1402 1662 ora,

81 1665 180 1705 ead.
207 1678 358 1705 manu.
385 1665 498 1705 Sunt
526 1664 607 1716 qui
633 1663 848 1710 εὖνομωδεστ.
876 1670 953 1703 aut
984 1663 1194 1710 εὖδοκιμεστ.
1227 1664 1403 1705 malint.

80 1720 113 1760 l·
140 1722 179 1760 8.
210 1719 363 1772 ἰχθύας)
400 1723 497 1769 ἰχθῦς
515 1720 662 1761 Arch.
698 1717 846 1760 Vind.
870 1719 938 1760 uti
962 1720 994 1758 Ῑ.
1019 1731 1115 1761 202.
1191 1722 1221 1760 l.
1254 1735 1293 1773 9.
1327 1724 1403 1760 καὶ

79 1780 264 1821 πλείστους,
279 1775 390 1817 Ald.
407 1775 555 1817 Arch.
587 1776 629 1815 V
635 1773 729 1816 ind.
749 1773 913 1817 Paris.
930 1774 992 1817 A.
1009 1776 1065 1817 B.
1088 1777 1311 1829 Copulam
1335 1774 1404 1831 ig·-

79 1838 241 1872 norant
264 1831 388 1872 Med.
405 1830 542 1872 Pass.
559 1831 668 1872 Ask.
697 1853 753 1864 —
783 1837 825 1870 et
846 1832 898 1870 F.
973 1832 1002 1870 l.
1033 1835 1094 1872 13.
1123 1829 1257 1885 κύτεσι)
1281 1831 1404 1873 κτήνεσι

82 1886 197 1928 Ask.
212 1886 328 1929 uot'rnot
340 1887 488 1928 Arch.
546 1889 575 1927 l.
604 1893 667 1929 15.
684 1885 825 1939 Γέῤῥου)
844 1887 916 1927 Sic
936 1886 1055 1927 Vall.
1084 1884 1232 1927 Vind.
1253 1886 1405 1927 Arell-

84 1943 225 1990 [recte
245 1941 299 1982 cf.
321 1956 358 1982 c.
378 1944 442 1983 56.
476 1944 531 1982 In
553 1944 702 1984 Wess.
729 1944 847 1982 Lect.
868 1945 971 1984 Var.
990 1941 1200 1983 scribitur
1214 1945 1338 1990 Γεβρέου
1353 1959 1402 1987 τε,

83 2010 322 2050 operarum
338 2003 448 2052 puto
464 1999 590 2051 lapsu
607 2012 618 2038 ε
639 2004 754 2039 certe
772 1999 918 2038 solum
936 2001 1045 2046 Γέῤῥου
1061 2012 1115 2038 ex
1126 1997 1275 2040 Arc-Iz-
1298 1997 1405 2038 cita-

81 2053 147 2093 vit
161 2053 332 2094 Galeas
346 2055 514 2105 absque
531 2073 584 2106 τε,
606 2068 688 2094 nec
707 2053 836 2094 aliter
851 2055 1027 2108 legebat
1052 2053 1212 2098 Valla,
1227 2060 1406 2094 vertens

82 2109 150 2150 ad
169 2110 326 2150 locum
348 2107 538 2150 nomine
554 2110 826 2160 Gerrhum.]
853 2112 982 2159 Γεῤῥέων
1000 2110 1134 2150 Pass.
1161 2108 1276 2149 Ask.
1305 2109 1403 2158 [R]

81 2171 127 2204 et
159 2177 236 2204 ora
266 2164 422 2218 Steph.
457 2163 579 2205 Olim
610 2168 748 2213 Γεᾶρέου.
775 2186 825 2196 -
861 2165 985 2217 quod
1011 2171 1054 2204 et
1084 2163 1226 2205 tenuit
1256 2165 1404 2204 Gron-

82 2221 115 2261 Ζ.
145 2222 208 2260 16.
228 2218 503 2273 τεσσεράκοντα)
523 2220 776 2271 τεσσαράκοντα
795 2221 852 2260 E
873 2219 1166 2270 τεσσερεσκαίδεκα
1185 2221 1254 2260 ed·
1272 2218 1405 2260 Reiz.

81 2282 126 2317 et
155 2275 304 2316 Borb.
333 2290 387 2316 ex
410 2276 598 2315 coniect.
627 2277 872 2326 Vulgatum
893 2274 1082 2316 restituit
1102 2272 1283 2331 Sohaqf.
1310 2281 1405 2315 tue-

80 2339 244 2383 turque
262 2330 378 2371 illud
408 2330 534 2372 iuxta
556 2330 860 2372 Herodoteos
885 2331 1048 2383 libros,
1078 2331 1158 2383 qui
1175 2330 1312 2371 hodie
1332 2344 1406 2371 su-

82 2393 294 2442 persunt,
323 2388 441 2427 Mela
462 2389 520 2428 II.
550 2406 582 2427 ι.
605 2394 646 2427 et
667 2384 892 2440 Periplus
915 2383 1069 2429 Ponti
1087 2387 1213 2429 Eux.
1242 2401 1286 2439 p.
1310 2391 1406 2429 150.

15 2439 17 2449 ¹
84 2444 157 2484 ed.
182 2443 329 2483 Gron.
354 2456 406 2482 ex
429 2443 634 2500 Scymno
669 2440 808 2484 Chio.
878 2443 909 2482 l.
943 2457 1005 2494 19·
1038 2445 1192 2493 γεωργῶν
1223 2439 1406 2494 Σκυθέων)

83 2498 157 2540 Sic
177 2497 324 2539 Arc-11.
354 2499 504 2546 [unde
532 2499 600 2539 ed.
632 2497 810 2552 PVess-]
838 2501 904 2539 τῶν
936 2497 1230 2550 interponunt
1251 2498 1406 2551 vulgo.

86 2576 140 2589 --
183 2553 256 2596 Sic
275 2554 332 2595 F.
351 2554 429 2596 sed
452 2567 507 2595 ex
536 2551 698 2597 Paris.
721 2554 790 2596 nil
811 2555 1087 2596 adnotatum.
1113 2556 1286 2595 Σκυθοιίων
1312 2552 1406 2594 fere
