<?xml version="1.0" encoding="UTF-8"?>
<!DOCTYPE html PUBLIC "-//W3C//DTD XHTML 1.0 Transitional//EN"
    "http://www.w3.org/TR/xhtml1/DTD/xhtml1-transitional.dtd">
<html xmlns="http://www.w3.org/1999/xhtml" xml:lang="en" lang="en">
 <head>
  <title>
</title>
<meta http-equiv="Content-Type" content="text/html;charset=utf-8" />
  <meta name='ocr-system' content='tesseract 3.04.00' />
  <meta name='ocr-capabilities' content='ocr_page ocr_carea ocr_par ocr_line ocrx_word'/>
</head>
<body>
  <div class='ocr_page' id='page_1' title='image "./musaesivehistori02hero_0548.png"; bbox 0 0 1801 3047; ppageno 0'>
   <div class='ocr_carea' id='block_1_1' title="bbox 320 251 1271 310">
    <p class='ocr_par' dir='ltr' id='par_1_1' title="bbox 320 251 1271 310">
     <span class='ocr_line' id='line_1_1' title="bbox 320 251 1271 310; baseline 0 -11"><span class='ocrx_word' id='word_1_1' title='bbox 320 251 417 310; x_wconf 70' lang='lat'><strong>534</strong></span> <span class='ocrx_word' id='word_1_2' title='bbox 670 251 1271 302; x_wconf 84' lang='lat' dir='ltr'><strong>ARGUMENTUM</strong></span> 
     </span>
    </p>
   </div>
   <div class='ocr_carea' id='block_1_2' title="bbox 309 361 1636 1743">
    <p class='ocr_par' dir='ltr' id='par_1_2' title="bbox 311 361 1627 1520">
     <span class='ocr_line' id='line_1_2' title="bbox 371 361 1626 420; baseline 0.002 -15"><span class='ocrx_word' id='word_1_3' title='bbox 371 364 712 420; x_wconf 75' lang='lat' dir='ltr'><em>Polycrates</em></span> <span class='ocrx_word' id='word_1_4' title='bbox 743 363 939 414; x_wconf 84' lang='lat' dir='ltr'><strong>Samius,</strong></span> <span class='ocrx_word' id='word_1_5' title='bbox 970 363 1068 404; x_wconf 90' lang='lat' dir='ltr'><strong>auri</strong></span> <span class='ocrx_word' id='word_1_6' title='bbox 1093 377 1170 416; x_wconf 89' lang='lat' dir='ltr'><strong>spe</strong></span> <span class='ocrx_word' id='word_1_7' title='bbox 1194 365 1250 403; x_wconf 88' lang='lat' dir='ltr'><strong>ab</strong></span> <span class='ocrx_word' id='word_1_8' title='bbox 1273 361 1470 411; x_wconf 78' lang='lat' dir='ltr'><em>Oroete,</em></span> <span class='ocrx_word' id='word_1_9' title='bbox 1497 363 1626 407; x_wconf 81' lang='lat' dir='ltr'><strong>Darii</strong></span> 
     </span>
     <span class='ocr_line' id='line_1_3' title="bbox 316 418 1626 471; baseline 0.002 -13"><span class='ocrx_word' id='word_1_10' title='bbox 316 418 541 471; x_wconf 78' lang='lat' dir='ltr'><strong>praefecto</strong></span> <span class='ocrx_word' id='word_1_11' title='bbox 558 449 570 470; x_wconf 94' lang='lat'><strong>,</strong></span> <span class='ocrx_word' id='word_1_12' title='bbox 609 420 767 459; x_wconf 72' lang='lat' dir='ltr'><strong>Sardes</strong></span> <span class='ocrx_word' id='word_1_13' title='bbox 807 419 979 460; x_wconf 86' lang='lat' dir='ltr'><strong>illectus</strong></span> <span class='ocrx_word' id='word_1_14' title='bbox 995 449 1008 470; x_wconf 90' lang='lat'><strong>,</strong></span> <span class='ocrx_word' id='word_1_15' title='bbox 1051 419 1185 459; x_wconf 88' lang='lat' dir='ltr'><strong>foedo</strong></span> <span class='ocrx_word' id='word_1_16' title='bbox 1226 419 1450 471; x_wconf 86' lang='lat' dir='ltr'><strong>supplicio</strong></span> <span class='ocrx_word' id='word_1_17' title='bbox 1487 419 1626 467; x_wconf 83' lang='lat' dir='ltr'><strong>vitam</strong></span> 
     </span>
     <span class='ocr_line' id='line_1_4' title="bbox 312 473 1625 525; baseline 0.001 -11"><span class='ocrx_word' id='word_1_18' title='bbox 312 473 438 524; x_wconf 84' lang='lat' dir='ltr'><strong>finit3</strong></span> <span class='ocrx_word' id='word_1_19' title='bbox 467 474 748 514; x_wconf 77' lang='lat' dir='ltr'><strong>Demoeedes</strong></span> <span class='ocrx_word' id='word_1_20' title='bbox 776 475 999 524; x_wconf 78' lang='lat' dir='ltr'><strong>medicus,</strong></span> <span class='ocrx_word' id='word_1_21' title='bbox 1032 488 1179 514; x_wconf 89' lang='lat' dir='ltr'><strong>comes</strong></span> <span class='ocrx_word' id='word_1_22' title='bbox 1217 473 1363 525; x_wconf 71' lang='lat' dir='ltr'><strong>illius,</strong></span> <span class='ocrx_word' id='word_1_23' title='bbox 1395 488 1498 514; x_wconf 88' lang='lat' dir='ltr'><strong>cum</strong></span> <span class='ocrx_word' id='word_1_24' title='bbox 1526 475 1625 516; x_wconf 88' lang='lat' dir='ltr'><strong>aliis</strong></span> 
     </span>
     <span class='ocr_line' id='line_1_5' title="bbox 312 528 1627 582; baseline 0 -12"><span class='ocrx_word' id='word_1_25' title='bbox 312 529 363 570; x_wconf 89' lang='lat' dir='ltr'><strong>in</strong></span> <span class='ocrx_word' id='word_1_26' title='bbox 387 528 645 573; x_wconf 81' lang='lat' dir='ltr'><strong>servitutem</strong></span> <span class='ocrx_word' id='word_1_27' title='bbox 680 531 788 569; x_wconf 88' lang='lat' dir='ltr'><strong>Susa</strong></span> <span class='ocrx_word' id='word_1_28' title='bbox 818 529 1067 569; x_wconf 87' lang='lat' dir='ltr'><strong>abducitur.</strong></span> <span class='ocrx_word' id='word_1_29' title='bbox 1092 529 1337 582; x_wconf 80' lang='lat'>(120-125.</span> <span class='ocrx_word' id='word_1_30' title='bbox 1351 534 1362 574; x_wconf 58' lang='lat' dir='ltr'><strong>{f</strong></span> <span class='ocrx_word' id='word_1_31' title='bbox 1394 528 1627 577; x_wconf 76' lang='lat' dir='ltr'><strong>Oroeten,</strong></span> 
     </span>
     <span class='ocr_line' id='line_1_6' title="bbox 312 583 1627 638; baseline 0.001 -15"><span class='ocrx_word' id='word_1_32' title='bbox 312 592 498 638; x_wconf 84' lang='lat' dir='ltr'><strong>propter</strong></span> <span class='ocrx_word' id='word_1_33' title='bbox 520 583 609 627; x_wconf 84' lang='lat' dir='ltr'><strong>alia</strong></span> <span class='ocrx_word' id='word_1_34' title='bbox 634 584 823 624; x_wconf 83' lang='lat' dir='ltr'><strong>admissa</strong></span> <span class='ocrx_word' id='word_1_35' title='bbox 850 585 1073 633; x_wconf 83' lang='lat' dir='ltr'><strong>facinora,</strong></span> <span class='ocrx_word' id='word_1_36' title='bbox 1102 585 1351 624; x_wconf 87' lang='lat' dir='ltr'><strong>necandum</strong></span> <span class='ocrx_word' id='word_1_37' title='bbox 1378 591 1503 624; x_wconf 89' lang='lat' dir='ltr'><strong>curat</strong></span> <span class='ocrx_word' id='word_1_38' title='bbox 1526 585 1627 630; x_wconf 70' lang='lat' dir='ltr'><strong>Da-</strong></span> 
     </span>
     <span class='ocr_line' id='line_1_7' title="bbox 314 637 1627 693; baseline 0.002 -14"><span class='ocrx_word' id='word_1_39' title='bbox 314 637 724 693; x_wconf 80' lang='lat' dir='ltr'><strong>rius.(126-128.)</strong></span> <span class='ocrx_word' id='word_1_40' title='bbox 754 639 1115 685; x_wconf 83' lang='lat' dir='ltr'><strong>Democedes‚</strong></span> <span class='ocrx_word' id='word_1_41' title='bbox 1140 649 1292 680; x_wconf 88' lang='lat' dir='ltr'><strong>sanato</strong></span> <span class='ocrx_word' id='word_1_42' title='bbox 1322 653 1424 693; x_wconf 86' lang='lat' dir='ltr'><strong>rege</strong></span> <span class='ocrx_word' id='word_1_43' title='bbox 1452 639 1526 679; x_wconf 88' lang='lat' dir='ltr'><strong>cui</strong></span> <span class='ocrx_word' id='word_1_44' title='bbox 1546 653 1627 692; x_wconf 85' lang='lat' dir='ltr'><strong>pes</strong></span> 
     </span>
     <span class='ocr_line' id='line_1_8' title="bbox 314 693 1626 747; baseline -0.001 -11"><span class='ocrx_word' id='word_1_45' title='bbox 314 703 406 735; x_wconf 86' lang='lat' dir='ltr'><strong>erat</strong></span> <span class='ocrx_word' id='word_1_46' title='bbox 430 701 648 747; x_wconf 82' lang='lat' dir='ltr'><strong>extortus,</strong></span> <span class='ocrx_word' id='word_1_47' title='bbox 675 693 804 734; x_wconf 79' lang='lat' dir='ltr'><strong>donis</strong></span> <span class='ocrx_word' id='word_1_48' title='bbox 824 700 1048 736; x_wconf 85' lang='lat' dir='ltr'><strong>oneratur.</strong></span> <span class='ocrx_word' id='word_1_49' title='bbox 1078 695 1094 737; x_wconf 63' lang='grc' dir='ltr'><strong>εἶ’</strong></span> <span class='ocrx_word' id='word_1_50' title='bbox 1110 707 1198 746; x_wconf 83' lang='lat'><strong>129.</strong></span> <span class='ocrx_word' id='word_1_51' title='bbox 1224 698 1347 744; x_wconf 80' lang='lat'><strong>130.)</strong></span> <span class='ocrx_word' id='word_1_52' title='bbox 1386 694 1626 747; x_wconf 76' lang='lat' dir='ltr'><strong>Superiora</strong></span> 
     </span>
     <span class='ocr_line' id='line_1_9' title="bbox 315 749 1626 804; baseline 0 -14"><span class='ocrx_word' id='word_1_53' title='bbox 315 751 514 791; x_wconf 88' lang='lat' dir='ltr'><strong>eiusdem</strong></span> <span class='ocrx_word' id='word_1_54' title='bbox 539 749 650 801; x_wconf 87' lang='lat' dir='ltr'><strong>fata,</strong></span> <span class='ocrx_word' id='word_1_55' title='bbox 681 757 725 789; x_wconf 89' lang='lat' dir='ltr'><strong>et</strong></span> <span class='ocrx_word' id='word_1_56' title='bbox 750 763 960 801; x_wconf 86' lang='lat' dir='ltr'><strong>praesens</strong></span> <span class='ocrx_word' id='word_1_57' title='bbox 986 749 1127 803; x_wconf 81' lang='lat' dir='ltr'><strong>gratia</strong></span> <span class='ocrx_word' id='word_1_58' title='bbox 1154 751 1272 802; x_wconf 85' lang='lat' dir='ltr'><strong>apud</strong></span> <span class='ocrx_word' id='word_1_59' title='bbox 1300 764 1464 804; x_wconf 86' lang='lat' dir='ltr'><strong>regem.</strong></span> <span class='ocrx_word' id='word_1_60' title='bbox 1492 750 1626 800; x_wconf 81' lang='lat'><strong>(131-</strong></span> 
     </span>
     <span class='ocr_line' id='line_1_10' title="bbox 318 803 1627 854; baseline 0 -10"><span class='ocrx_word' id='word_1_61' title='bbox 318 808 438 854; x_wconf 82' lang='lat'><strong>132.)</strong></span> <span class='ocrx_word' id='word_1_62' title='bbox 471 806 705 845; x_wconf 57' lang='lat' dir='ltr'><strong>persanata</strong></span> <span class='ocrx_word' id='word_1_63' title='bbox 725 803 927 849; x_wconf 76' lang='lat' dir='ltr'><strong>Atossci,</strong></span> <span class='ocrx_word' id='word_1_64' title='bbox 951 807 1099 845; x_wconf 89' lang='lat' dir='ltr'><strong>ulcere</strong></span> <span class='ocrx_word' id='word_1_65' title='bbox 1129 804 1177 843; x_wconf 89' lang='lat' dir='ltr'><strong>in</strong></span> <span class='ocrx_word' id='word_1_66' title='bbox 1201 819 1395 845; x_wconf 88' lang='lat' dir='ltr'><strong>mamma</strong></span> <span class='ocrx_word' id='word_1_67' title='bbox 1419 807 1627 845; x_wconf 87' lang='lat' dir='ltr'><strong>laboran-</strong></span> 
     </span>
     <span class='ocr_line' id='line_1_11' title="bbox 313 859 1627 913; baseline 0 -13"><span class='ocrx_word' id='word_1_68' title='bbox 313 867 379 913; x_wconf 85' lang='lat' dir='ltr'><strong>te,</strong></span> <span class='ocrx_word' id='word_1_69' title='bbox 410 860 690 900; x_wconf 79' lang='lat' dir='ltr'><strong>Democedes</strong></span> <span class='ocrx_word' id='word_1_70' title='bbox 726 872 827 899; x_wconf 88' lang='lat' dir='ltr'><strong>cum</strong></span> <span class='ocrx_word' id='word_1_71' title='bbox 858 874 931 899; x_wconf 84' lang='lat' dir='ltr'><strong>xv.</strong></span> <span class='ocrx_word' id='word_1_72' title='bbox 958 859 1186 900; x_wconf 89' lang='lat' dir='ltr'><strong>nobilibus</strong></span> <span class='ocrx_word' id='word_1_73' title='bbox 1216 860 1356 900; x_wconf 89' lang='lat' dir='ltr'><strong>Persis</strong></span> <span class='ocrx_word' id='word_1_74' title='bbox 1384 862 1440 900; x_wconf 82' lang='lat' dir='ltr'><strong>ad</strong></span> <span class='ocrx_word' id='word_1_75' title='bbox 1469 874 1627 913; x_wconf 79' lang='lat' dir='ltr'><strong>specu-</strong></span> 
     </span>
     <span class='ocr_line' id='line_1_12' title="bbox 312 914 1626 967; baseline 0 -11"><span class='ocrx_word' id='word_1_76' title='bbox 312 917 466 957; x_wconf 85' lang='lat' dir='ltr'><strong>landas</strong></span> <span class='ocrx_word' id='word_1_77' title='bbox 487 915 697 954; x_wconf 84' lang='lat' dir='ltr'>Graeciae</span> <span class='ocrx_word' id='word_1_78' title='bbox 718 928 819 954; x_wconf 90' lang='lat' dir='ltr'><strong>oras</strong></span> <span class='ocrx_word' id='word_1_79' title='bbox 838 914 1018 967; x_wconf 84' lang='lat' dir='ltr'><strong>missus,</strong></span> <span class='ocrx_word' id='word_1_80' title='bbox 1041 914 1173 953; x_wconf 72' lang='lat' dir='ltr'><strong>venia</strong></span> <span class='ocrx_word' id='word_1_81' title='bbox 1197 914 1429 967; x_wconf 69' lang='lat' dir='ltr'><strong>impetrata</strong></span> <span class='ocrx_word' id='word_1_82' title='bbox 1451 915 1626 957; x_wconf 81' lang='lat' dir='ltr'><strong>Croto-</strong></span> 
     </span>
     <span class='ocr_line' id='line_1_13' title="bbox 313 969 1626 1024; baseline -0.002 -12"><span class='ocrx_word' id='word_1_83' title='bbox 313 985 417 1024; x_wconf 80' lang='lat' dir='ltr'><strong>nem</strong></span> <span class='ocrx_word' id='word_1_84' title='bbox 438 969 626 1023; x_wconf 87' lang='lat' dir='ltr'><strong>patriam</strong></span> <span class='ocrx_word' id='word_1_85' title='bbox 652 969 900 1020; x_wconf 81' lang='lat' dir='ltr'><strong>revisendi,</strong></span> <span class='ocrx_word' id='word_1_86' title='bbox 922 972 978 1010; x_wconf 89' lang='lat' dir='ltr'><strong>ad</strong></span> <span class='ocrx_word' id='word_1_87' title='bbox 1009 984 1158 1024; x_wconf 83' lang='lat' dir='ltr'><strong>regem</strong></span> <span class='ocrx_word' id='word_1_88' title='bbox 1183 984 1228 1009; x_wconf 87' lang='lat' dir='ltr'><strong>se</strong></span> <span class='ocrx_word' id='word_1_89' title='bbox 1257 969 1504 1010; x_wconf 79' lang='lat' dir='ltr'><strong>rediturum</strong></span> <span class='ocrx_word' id='word_1_90' title='bbox 1524 972 1626 1023; x_wconf 93' lang='lat' dir='ltr'><strong>pol-</strong></span> 
     </span>
     <span class='ocr_line' id='line_1_14' title="bbox 313 1024 1625 1077; baseline 0.001 -12"><span class='ocrx_word' id='word_1_91' title='bbox 313 1026 488 1069; x_wconf 76' lang='lat' dir='ltr'>licitus,</span> <span class='ocrx_word' id='word_1_92' title='bbox 513 1025 647 1068; x_wconf 85' lang='lat' dir='ltr'><strong>fidem</strong></span> <span class='ocrx_word' id='word_1_93' title='bbox 671 1025 803 1065; x_wconf 88' lang='lat' dir='ltr'><strong>fallit.</strong></span> <span class='ocrx_word' id='word_1_94' title='bbox 823 1027 930 1073; x_wconf 79' lang='lat'><strong>(133</strong></span> <span class='ocrx_word' id='word_1_95' title='bbox 947 1051 966 1058; x_wconf 89' lang='lat'><em>-</em></span> <span class='ocrx_word' id='word_1_96' title='bbox 990 1026 1107 1076; x_wconf 82' lang='lat'>137.)</span> <span class='ocrx_word' id='word_1_97' title='bbox 1145 1024 1353 1077; x_wconf 83' lang='lat' dir='ltr'><strong>Captivos</strong></span> <span class='ocrx_word' id='word_1_98' title='bbox 1382 1027 1530 1066; x_wconf 87' lang='lat' dir='ltr'><strong>Persas</strong></span> <span class='ocrx_word' id='word_1_99' title='bbox 1555 1040 1625 1066; x_wconf 89' lang='lat' dir='ltr'><strong>re-</strong></span> 
     </span>
     <span class='ocr_line' id='line_1_15' title="bbox 313 1077 1624 1137; baseline 0 -16"><span class='ocrx_word' id='word_1_100' title='bbox 313 1081 445 1122; x_wconf 80' lang='lat' dir='ltr'>dimit</span> <span class='ocrx_word' id='word_1_101' title='bbox 468 1078 633 1137; x_wconf 74' lang='lat' dir='ltr'><strong>Gyllus</strong></span> <span class='ocrx_word' id='word_1_102' title='bbox 655 1109 666 1125; x_wconf 87' lang='lat'>‚</span> <span class='ocrx_word' id='word_1_103' title='bbox 688 1079 952 1121; x_wconf 86' lang='lat' dir='ltr'><strong>Tarentinus</strong></span> <span class='ocrx_word' id='word_1_104' title='bbox 974 1082 1120 1129; x_wconf 84' lang='lat' dir='ltr'><strong>exsu13</strong></span> <span class='ocrx_word' id='word_1_105' title='bbox 1150 1094 1282 1131; x_wconf 87' lang='lat' dir='ltr'><strong>quem</strong></span> <span class='ocrx_word' id='word_1_106' title='bbox 1313 1077 1482 1124; x_wconf 82' lang='lat' dir='ltr'><em>Cnidii</em></span> <span class='ocrx_word' id='word_1_107' title='bbox 1502 1080 1624 1121; x_wconf 88' lang='lat' dir='ltr'><strong>iussu</strong></span> 
     </span>
     <span class='ocr_line' id='line_1_16' title="bbox 312 1135 1623 1190; baseline -0.001 -13"><span class='ocrx_word' id='word_1_108' title='bbox 312 1137 431 1190; x_wconf 79' lang='lat' dir='ltr'><strong>regis</strong></span> <span class='ocrx_word' id='word_1_109' title='bbox 465 1135 513 1174; x_wconf 89' lang='lat' dir='ltr'><strong>in</strong></span> <span class='ocrx_word' id='word_1_110' title='bbox 546 1135 736 1188; x_wconf 89' lang='lat' dir='ltr'><strong>patriam</strong></span> <span class='ocrx_word' id='word_1_111' title='bbox 759 1136 989 1176; x_wconf 76' lang='lat' dir='ltr'><strong>restituere</strong></span> <span class='ocrx_word' id='word_1_112' title='bbox 1023 1135 1184 1176; x_wconf 86' lang='lat' dir='ltr'><strong>frustra</strong></span> <span class='ocrx_word' id='word_1_113' title='bbox 1210 1143 1440 1175; x_wconf 83' lang='lat' dir='ltr'><strong>conantur.</strong></span> <span class='ocrx_word' id='word_1_114' title='bbox 1472 1137 1623 1185; x_wconf 74' lang='lat'>(138.)</span> 
     </span>
     <span class='ocr_line' id='line_1_17' title="bbox 313 1190 1626 1250; baseline -0.002 -17"><span class='ocrx_word' id='word_1_115' title='bbox 313 1193 386 1250; x_wconf 72' lang='lat' dir='ltr'><strong>Sy</strong></span> <span class='ocrx_word' id='word_1_116' title='bbox 395 1193 585 1236; x_wconf 80' lang='lat' dir='ltr'><strong>loson,</strong></span> <span class='ocrx_word' id='word_1_117' title='bbox 602 1191 737 1231; x_wconf 84' lang='lat' dir='ltr'><strong>frater</strong></span> <span class='ocrx_word' id='word_1_118' title='bbox 752 1192 1018 1245; x_wconf 84' lang='lat' dir='ltr'><strong>Polycratis,</strong></span> <span class='ocrx_word' id='word_1_119' title='bbox 1038 1191 1173 1230; x_wconf 82' lang='lat' dir='ltr'><strong>Dario</strong></span> <span class='ocrx_word' id='word_1_120' title='bbox 1195 1190 1305 1230; x_wconf 86' lang='lat' dir='ltr'><strong>olim</strong></span> <span class='ocrx_word' id='word_1_121' title='bbox 1324 1190 1498 1243; x_wconf 84' lang='lat' dir='ltr'><strong>privato</strong></span> <span class='ocrx_word' id='word_1_122' title='bbox 1519 1191 1626 1231; x_wconf 90' lang='lat' dir='ltr'><strong>ami-</strong></span> 
     </span>
     <span class='ocr_line' id='line_1_18' title="bbox 315 1246 1624 1300; baseline -0.001 -13"><span class='ocrx_word' id='word_1_123' title='bbox 315 1249 466 1287; x_wconf 86' lang='lat' dir='ltr'><strong>culum</strong></span> <span class='ocrx_word' id='word_1_124' title='bbox 503 1247 765 1297; x_wconf 55' lang='lat' dir='ltr'><strong>donaveram</strong></span> <span class='ocrx_word' id='word_1_125' title='bbox 801 1261 923 1287; x_wconf 88' lang='lat' dir='ltr'><strong>nunc</strong></span> <span class='ocrx_word' id='word_1_126' title='bbox 950 1246 1066 1300; x_wconf 75' lang='lat' dir='ltr'><strong>regis</strong></span> <span class='ocrx_word' id='word_1_127' title='bbox 1091 1246 1210 1286; x_wconf 88' lang='lat' dir='ltr'><strong>iussu</strong></span> <span class='ocrx_word' id='word_1_128' title='bbox 1242 1260 1322 1298; x_wconf 90' lang='lat' dir='ltr'><strong>per</strong></span> <span class='ocrx_word' id='word_1_129' title='bbox 1353 1248 1540 1287; x_wconf 89' lang='lat' dir='ltr'><strong>Otanem</strong></span> <span class='ocrx_word' id='word_1_130' title='bbox 1575 1246 1624 1286; x_wconf 88' lang='lat' dir='ltr'><strong>in</strong></span> 
     </span>
     <span class='ocr_line' id='line_1_19' title="bbox 311 1300 1603 1355; baseline -0.002 -11"><span class='ocrx_word' id='word_1_131' title='bbox 311 1300 445 1347; x_wconf 80' lang='lat' dir='ltr'><strong>Sami</strong></span> <span class='ocrx_word' id='word_1_132' title='bbox 463 1301 727 1354; x_wconf 81' lang='lat' dir='ltr'><strong>imperium,</strong></span> <span class='ocrx_word' id='word_1_133' title='bbox 750 1304 872 1353; x_wconf 87' lang='lat' dir='ltr'><strong>quod</strong></span> <span class='ocrx_word' id='word_1_134' title='bbox 900 1311 998 1354; x_wconf 91' lang='lat' dir='ltr'><strong>post</strong></span> <span class='ocrx_word' id='word_1_135' title='bbox 1018 1300 1268 1355; x_wconf 85' lang='lat' dir='ltr'><strong>Polycratis</strong></span> <span class='ocrx_word' id='word_1_136' title='bbox 1298 1309 1489 1342; x_wconf 72' lang='lat' dir='ltr'><strong>mortem</strong></span> <span class='ocrx_word' id='word_1_137' title='bbox 1519 1315 1603 1353; x_wconf 90' lang='lat' dir='ltr'><strong>pro</strong></span> 
     </span>
     <span class='ocr_line' id='line_1_20' title="bbox 312 1355 1624 1407; baseline -0.002 -8"><span class='ocrx_word' id='word_1_138' title='bbox 312 1365 491 1399; x_wconf 78' lang='lat' dir='ltr'><strong>curator</strong></span> <span class='ocrx_word' id='word_1_139' title='bbox 529 1357 651 1397; x_wconf 91' lang='lat' dir='ltr'><strong>illius</strong></span> <span class='ocrx_word' id='word_1_140' title='bbox 691 1355 1001 1398; x_wconf 77' lang='lat' dir='ltr'><strong>Maeandrius</strong></span> <span class='ocrx_word' id='word_1_141' title='bbox 1044 1358 1320 1407; x_wconf 80' lang='lat' dir='ltr'><strong>obtinuerat,</strong></span> <span class='ocrx_word' id='word_1_142' title='bbox 1366 1356 1624 1397; x_wconf 67' lang='lat' dir='ltr'><strong>restituitur.</strong></span> 
     </span>
     <span class='ocr_line' id='line_1_21' title="bbox 312 1409 1624 1467; baseline -0.002 -12"><span class='ocrx_word' id='word_1_143' title='bbox 312 1415 582 1465; x_wconf 75' lang='lat'>(139-149.)</span> <span class='ocrx_word' id='word_1_144' title='bbox 629 1411 966 1465; x_wconf 72' lang='lat' dir='ltr'><strong>Maeandrius,</strong></span> <span class='ocrx_word' id='word_1_145' title='bbox 1001 1414 1199 1465; x_wconf 85' lang='lat' dir='ltr'><strong>Spartam</strong></span> <span class='ocrx_word' id='word_1_146' title='bbox 1236 1409 1477 1467; x_wconf 79' lang='lat' dir='ltr'><strong>profugus,</strong></span> <span class='ocrx_word' id='word_1_147' title='bbox 1512 1414 1624 1453; x_wconf 83' lang='lat' dir='ltr'><strong>urbe</strong></span> 
     </span>
     <span class='ocr_line' id='line_1_22' title="bbox 314 1468 1473 1520; baseline -0.001 -11"><span class='ocrx_word' id='word_1_148' title='bbox 314 1469 478 1512; x_wconf 77' lang='lat' dir='ltr'><strong>eiectus</strong></span> <span class='ocrx_word' id='word_1_149' title='bbox 506 1475 588 1517; x_wconf 87' lang='lat' dir='ltr'><strong>est,</strong></span> <span class='ocrx_word' id='word_1_150' title='bbox 609 1482 665 1506; x_wconf 85' lang='lat' dir='ltr'><strong>ne</strong></span> <span class='ocrx_word' id='word_1_151' title='bbox 688 1482 821 1519; x_wconf 87' lang='lat' dir='ltr'><strong>quem</strong></span> <span class='ocrx_word' id='word_1_152' title='bbox 841 1482 951 1508; x_wconf 84' lang='lat' dir='ltr'><strong>auro</strong></span> <span class='ocrx_word' id='word_1_153' title='bbox 975 1474 1292 1520; x_wconf 79' lang='lat' dir='ltr'><strong>corrumperet.</strong></span> <span class='ocrx_word' id='word_1_154' title='bbox 1322 1468 1473 1518; x_wconf 71' lang='lat'><strong>(148.)</strong></span> 
     </span>
    </p>

    <p class='ocr_par' dir='ltr' id='par_1_3' title="bbox 309 1520 1636 1743">
     <span class='ocr_line' id='line_1_23' title="bbox 367 1520 1624 1580; baseline -0.002 -14"><span class='ocrx_word' id='word_1_155' title='bbox 367 1524 581 1580; x_wconf 81' lang='lat' dir='ltr'><em>Babylo</em></span> <span class='ocrx_word' id='word_1_156' title='bbox 591 1520 678 1563; x_wconf 80' lang='lat' dir='ltr'><strong>nii</strong></span> <span class='ocrx_word' id='word_1_157' title='bbox 691 1537 715 1562; x_wconf 88' lang='lat' dir='ltr'><strong>a</strong></span> <span class='ocrx_word' id='word_1_158' title='bbox 725 1522 882 1564; x_wconf 81' lang='lat' dir='ltr'><strong>Dario</strong></span> <span class='ocrx_word' id='word_1_159' title='bbox 895 1523 1162 1573; x_wconf 80' lang='lat' dir='ltr'><strong>desciscunt3</strong></span> <span class='ocrx_word' id='word_1_160' title='bbox 1176 1525 1307 1563; x_wconf 87' lang='lat' dir='ltr'><strong>rebus</strong></span> <span class='ocrx_word' id='word_1_161' title='bbox 1319 1522 1493 1575; x_wconf 79' lang='lat' dir='ltr'><strong>pride-m</strong></span> <span class='ocrx_word' id='word_1_162' title='bbox 1507 1536 1624 1564; x_wconf 84' lang='lat' dir='ltr'><strong>com-</strong></span> 
     </span>
     <span class='ocr_line' id='line_1_24' title="bbox 312 1578 1622 1633; baseline -0.001 -13"><span class='ocrx_word' id='word_1_163' title='bbox 312 1579 494 1633; x_wconf 72' lang='lat' dir='ltr'><strong>paratis,</strong></span> <span class='ocrx_word' id='word_1_164' title='bbox 516 1587 556 1618; x_wconf 92' lang='lat' dir='ltr'><strong>et</strong></span> <span class='ocrx_word' id='word_1_165' title='bbox 580 1579 859 1632; x_wconf 81' lang='lat' dir='ltr'><strong>strangulatis</strong></span> <span class='ocrx_word' id='word_1_166' title='bbox 879 1579 1103 1632; x_wconf 89' lang='lat' dir='ltr'><strong>plerisque</strong></span> <span class='ocrx_word' id='word_1_167' title='bbox 1125 1578 1399 1623; x_wconf 82' lang='lat' dir='ltr'><strong>mulieribus,</strong></span> <span class='ocrx_word' id='word_1_168' title='bbox 1420 1578 1579 1618; x_wconf 83' lang='lat' dir='ltr'><strong>frustra</strong></span> <span class='ocrx_word' id='word_1_169' title='bbox 1596 1592 1622 1619; x_wconf 87' lang='lat' dir='ltr'><strong>a</strong></span> 
     </span>
     <span class='ocr_line' id='line_1_25' title="bbox 312 1632 1621 1691; baseline -0.002 -15"><span class='ocrx_word' id='word_1_170' title='bbox 312 1649 417 1689; x_wconf 81' lang='lat' dir='ltr'><strong>rege</strong></span> <span class='ocrx_word' id='word_1_171' title='bbox 438 1634 720 1683; x_wconf 81' lang='lat' dir='ltr'><strong>obsidentur3</strong></span> <span class='ocrx_word' id='word_1_172' title='bbox 750 1643 976 1687; x_wconf 83' lang='lat' dir='ltr'><strong>postremo</strong></span> <span class='ocrx_word' id='word_1_173' title='bbox 1000 1649 1080 1687; x_wconf 87' lang='lat' dir='ltr'><strong>per</strong></span> <span class='ocrx_word' id='word_1_174' title='bbox 1102 1632 1296 1691; x_wconf 70' lang='lat' dir='ltr'><strong>Zopyri</strong></span> <span class='ocrx_word' id='word_1_175' title='bbox 1324 1634 1478 1674; x_wconf 89' lang='lat' dir='ltr'><strong>dolum</strong></span> <span class='ocrx_word' id='word_1_176' title='bbox 1510 1634 1621 1674; x_wconf 89' lang='lat' dir='ltr'><strong>urbe</strong></span> 
     </span>
     <span class='ocr_line' id='line_1_26' title="bbox 309 1687 1636 1743; baseline -0.003 -12"><span class='ocrx_word' id='word_1_177' title='bbox 309 1705 390 1733; x_wconf 72' lang='lat' dir='ltr'><strong>rex</strong></span> <span class='ocrx_word' id='word_1_178' title='bbox 404 1690 597 1743; x_wconf 85' lang='lat' dir='ltr'><strong>potitur,</strong></span> <span class='ocrx_word' id='word_1_179' title='bbox 617 1703 803 1741; x_wconf 84' lang='lat' dir='ltr'><strong>eamque</strong></span> <span class='ocrx_word' id='word_1_180' title='bbox 831 1690 971 1734; x_wconf 80' lang='lat' dir='ltr'><strong>muris</strong></span> <span class='ocrx_word' id='word_1_181' title='bbox 991 1698 1031 1729; x_wconf 85' lang='lat' dir='ltr'><strong>et</strong></span> <span class='ocrx_word' id='word_1_182' title='bbox 1050 1690 1189 1742; x_wconf 72' lang='lat' dir='ltr'><strong>portis</strong></span> <span class='ocrx_word' id='word_1_183' title='bbox 1206 1690 1356 1729; x_wconf 87' lang='lat' dir='ltr'><strong>nudat.</strong></span> <span class='ocrx_word' id='word_1_184' title='bbox 1371 1687 1636 1742; x_wconf 78' lang='lat'><strong>(150-160.)&#39;</strong></span> 
     </span>
    </p>
   </div>
   <div class='ocr_carea' id='block_1_3' title="bbox 355 1778 1571 1848">
    <p class='ocr_par' dir='ltr' id='par_1_4' title="bbox 355 1778 1571 1848">
     <span class='ocr_line' id='line_1_27' title="bbox 355 1778 1571 1848; baseline -0.002 -20"><span class='ocrx_word' id='word_1_185' title='bbox 355 1779 876 1829; x_wconf 81' lang='lat' dir='ltr'><strong>ARGUMENTU</strong></span> <span class='ocrx_word' id='word_1_186' title='bbox 892 1781 947 1826; x_wconf 85' lang='lat' dir='ltr'>M</span> <span class='ocrx_word' id='word_1_187' title='bbox 986 1780 1200 1826; x_wconf 86' lang='lat' dir='ltr'>LIBRI</span> <span class='ocrx_word' id='word_1_188' title='bbox 1241 1778 1571 1848; x_wconf 72' lang='lat' dir='ltr'><strong>QUARTI.</strong></span> 
     </span>
    </p>
   </div>
   <div class='ocr_carea' id='block_1_4' title="bbox 306 1853 1623 2631">
    <p class='ocr_par' dir='ltr' id='par_1_5' title="bbox 306 1853 1623 2631">
     <span class='ocr_line' id='line_1_28' title="bbox 366 1853 1622 1907; baseline -0.002 -10"><span class='ocrx_word' id='word_1_189' title='bbox 366 1857 615 1897; x_wconf 72' lang='lat' dir='ltr'><strong>S-cYTHAs</strong></span> <span class='ocrx_word' id='word_1_190' title='bbox 652 1855 816 1895; x_wconf 87' lang='lat' dir='ltr'><strong>Darius</strong></span> <span class='ocrx_word' id='word_1_191' title='bbox 848 1855 1001 1895; x_wconf 84' lang='lat' dir='ltr'><strong>ulcisci</strong></span> <span class='ocrx_word' id='word_1_192' title='bbox 1027 1855 1248 1905; x_wconf 87' lang='lat' dir='ltr'><strong>decrevit,</strong></span> <span class='ocrx_word' id='word_1_193' title='bbox 1281 1853 1359 1906; x_wconf 88' lang='lat' dir='ltr'><strong>qui</strong></span> <span class='ocrx_word' id='word_1_194' title='bbox 1394 1854 1504 1895; x_wconf 87' lang='lat' dir='ltr'><strong>olim</strong></span> <span class='ocrx_word' id='word_1_195' title='bbox 1540 1868 1622 1907; x_wconf 90' lang='lat' dir='ltr'><strong>per</strong></span> 
     </span>
     <span class='ocr_line' id='line_1_29' title="bbox 311 1910 1622 1963; baseline -0.002 -11"><span class='ocrx_word' id='word_1_196' title='bbox 311 1926 482 1952; x_wconf 75' lang='lat' dir='ltr'><strong>xxvxn.</strong></span> <span class='ocrx_word' id='word_1_197' title='bbox 511 1923 652 1951; x_wconf 85' lang='lat' dir='ltr'><strong>annos</strong></span> <span class='ocrx_word' id='word_1_198' title='bbox 672 1911 800 1950; x_wconf 89' lang='lat' dir='ltr'><strong>Asiae</strong></span> <span class='ocrx_word' id='word_1_199' title='bbox 825 1911 1109 1951; x_wconf 81' lang='lat' dir='ltr'><strong>obtinuerant</strong></span> <span class='ocrx_word' id='word_1_200' title='bbox 1137 1910 1401 1963; x_wconf 82' lang='lat' dir='ltr'><strong>imperium3</strong></span> <span class='ocrx_word' id='word_1_201' title='bbox 1427 1923 1622 1961; x_wconf 87' lang='lat' dir='ltr'><strong>quorum</strong></span> 
     </span>
     <span class='ocr_line' id='line_1_30' title="bbox 310 1965 1621 2020; baseline -0.002 -13"><span class='ocrx_word' id='word_1_202' title='bbox 310 1980 473 2008; x_wconf 83' lang='lat' dir='ltr'><strong>uxores</strong></span> <span class='ocrx_word' id='word_1_203' title='bbox 509 1965 689 2006; x_wconf 87' lang='lat' dir='ltr'><strong>interim</strong></span> <span class='ocrx_word' id='word_1_204' title='bbox 727 1966 851 2007; x_wconf 89' lang='lat' dir='ltr'><strong>domi</strong></span> <span class='ocrx_word' id='word_1_205' title='bbox 887 1980 988 2006; x_wconf 88' lang='lat' dir='ltr'><strong>cum</strong></span> <span class='ocrx_word' id='word_1_206' title='bbox 1023 1965 1160 2006; x_wconf 80' lang='lat' dir='ltr'><strong>servis</strong></span> <span class='ocrx_word' id='word_1_207' title='bbox 1195 1979 1453 2020; x_wconf 81' lang='lat' dir='ltr'><strong>congressae</strong></span> <span class='ocrx_word' id='word_1_208' title='bbox 1484 1970 1621 2005; x_wconf 81' lang='lat' dir='ltr'><strong>erant.</strong></span> 
     </span>
     <span class='ocr_line' id='line_1_31' title="bbox 309 2021 1623 2076; baseline -0.002 -13"><span class='ocrx_word' id='word_1_209' title='bbox 309 2022 333 2076; x_wconf 91' lang='lat'>(</span> <span class='ocrx_word' id='word_1_210' title='bbox 343 2037 382 2063; x_wconf 86' lang='lat' dir='ltr'><strong>c.</strong></span> <span class='ocrx_word' id='word_1_211' title='bbox 400 2023 463 2074; x_wconf 83' lang='lat'><strong>1.)</strong></span> <span class='ocrx_word' id='word_1_212' title='bbox 482 2022 728 2062; x_wconf 83' lang='lat' dir='ltr'><strong>Servorum</strong></span> <span class='ocrx_word' id='word_1_213' title='bbox 746 2029 1103 2062; x_wconf 73' lang='lat' dir='ltr'><strong>excaecatorum</strong></span> <span class='ocrx_word' id='word_1_214' title='bbox 1124 2021 1260 2073; x_wconf 68' lang='lat' dir='ltr'><strong>opera</strong></span> <span class='ocrx_word' id='word_1_215' title='bbox 1277 2022 1467 2073; x_wconf 81' lang='lat' dir='ltr'><strong>Scythae</strong></span> <span class='ocrx_word' id='word_1_216' title='bbox 1483 2034 1536 2060; x_wconf 84' lang='lat' dir='ltr'><strong>ex</strong></span> <span class='ocrx_word' id='word_1_217' title='bbox 1557 2021 1623 2060; x_wconf 86' lang='lat' dir='ltr'><strong>la·</strong></span> 
     </span>
     <span class='ocr_line' id='line_1_32' title="bbox 312 2074 1622 2130; baseline -0.004 -12"><span class='ocrx_word' id='word_1_218' title='bbox 312 2085 378 2120; x_wconf 85' lang='lat' dir='ltr'><strong>cte</strong></span> <span class='ocrx_word' id='word_1_219' title='bbox 392 2078 558 2129; x_wconf 87' lang='lat' dir='ltr'><strong>equino</strong></span> <span class='ocrx_word' id='word_1_220' title='bbox 574 2078 791 2128; x_wconf 83' lang='lat' dir='ltr'><strong>butyrum</strong></span> <span class='ocrx_word' id='word_1_221' title='bbox 806 2083 846 2116; x_wconf 85' lang='lat' dir='ltr'><strong>et</strong></span> <span class='ocrx_word' id='word_1_222' title='bbox 863 2091 1032 2117; x_wconf 76' lang='lat' dir='ltr'><strong>caseum</strong></span> <span class='ocrx_word' id='word_1_223' title='bbox 1052 2075 1409 2130; x_wconf 84' lang='lat' dir='ltr'><strong>conficiunt.(2.)</strong></span> <span class='ocrx_word' id='word_1_224' title='bbox 1441 2074 1622 2129; x_wconf 86' lang='lat' dir='ltr'><strong>(Servos</strong></span> 
     </span>
     <span class='ocr_line' id='line_1_33' title="bbox 311 2127 1621 2186; baseline -0.004 -12"><span class='ocrx_word' id='word_1_225' title='bbox 311 2133 495 2186; x_wconf 84' lang='lat' dir='ltr'><strong>quidem</strong></span> <span class='ocrx_word' id='word_1_226' title='bbox 515 2132 658 2184; x_wconf 88' lang='lat' dir='ltr'><strong>pretio</strong></span> <span class='ocrx_word' id='word_1_227' title='bbox 681 2139 821 2172; x_wconf 78' lang='lat' dir='ltr'><strong>emtos</strong></span> <span class='ocrx_word' id='word_1_228' title='bbox 843 2145 934 2171; x_wconf 85' lang='lat' dir='ltr'><strong>non</strong></span> <span class='ocrx_word' id='word_1_229' title='bbox 959 2134 1123 2172; x_wconf 83' lang='lat' dir='ltr'><strong>habent</strong></span> <span class='ocrx_word' id='word_1_230' title='bbox 1148 2134 1351 2184; x_wconf 87' lang='lat' dir='ltr'><strong>Scythae.</strong></span> <span class='ocrx_word' id='word_1_231' title='bbox 1374 2145 1399 2170; x_wconf 85' lang='lat' dir='ltr'><strong>c</strong></span> <span class='ocrx_word' id='word_1_232' title='bbox 1416 2127 1512 2183; x_wconf 86' lang='lat'><strong>72.)</strong></span> <span class='ocrx_word' id='word_1_233' title='bbox 1533 2130 1621 2173; x_wconf 69' lang='lat' dir='ltr'><strong>,Iu-</strong></span> 
     </span>
     <span class='ocr_line' id='line_1_34' title="bbox 308 2185 1621 2243; baseline -0.005 -12"><span class='ocrx_word' id='word_1_234' title='bbox 308 2194 467 2231; x_wconf 78' lang='lat' dir='ltr'><strong>ventus</strong></span> <span class='ocrx_word' id='word_1_235' title='bbox 484 2204 507 2228; x_wconf 89' lang='lat' dir='ltr'><strong>e</strong></span> <span class='ocrx_word' id='word_1_236' title='bbox 524 2186 665 2228; x_wconf 76' lang='lat' dir='ltr'><strong>servis</strong></span> <span class='ocrx_word' id='word_1_237' title='bbox 680 2185 843 2243; x_wconf 75' lang='lat' dir='ltr'><strong>genita</strong></span> <span class='ocrx_word' id='word_1_238' title='bbox 859 2189 1043 2239; x_wconf 84' lang='lat' dir='ltr'><strong>Scythas</strong></span> <span class='ocrx_word' id='word_1_239' title='bbox 1063 2189 1248 2227; x_wconf 88' lang='lat' dir='ltr'><strong>domum</strong></span> <span class='ocrx_word' id='word_1_240' title='bbox 1269 2189 1501 2227; x_wconf 89' lang='lat' dir='ltr'><strong>redeuntes</strong></span> <span class='ocrx_word' id='word_1_241' title='bbox 1515 2198 1621 2237; x_wconf 87' lang='lat' dir='ltr'><strong>pro-</strong></span> 
     </span>
     <span class='ocr_line' id='line_1_35' title="bbox 308 2241 1620 2297; baseline -0.003 -13"><span class='ocrx_word' id='word_1_242' title='bbox 308 2244 456 2294; x_wconf 76' lang='lat' dir='ltr'><strong>hibet;</strong></span> <span class='ocrx_word' id='word_1_243' title='bbox 489 2248 735 2296; x_wconf 82' lang='lat' dir='ltr'><strong>prostremo</strong></span> <span class='ocrx_word' id='word_1_244' title='bbox 770 2243 953 2297; x_wconf 83' lang='lat' dir='ltr'><strong>flagellis</strong></span> <span class='ocrx_word' id='word_1_245' title='bbox 986 2242 1176 2297; x_wconf 81' lang='lat' dir='ltr'><strong>fugatur.</strong></span> <span class='ocrx_word' id='word_1_246' title='bbox 1209 2242 1278 2295; x_wconf 83' lang='lat'><strong>(3.</strong></span> <span class='ocrx_word' id='word_1_247' title='bbox 1298 2241 1370 2293; x_wconf 75' lang='grc'><strong>4.)</strong></span> <span class='ocrx_word' id='word_1_248' title='bbox 1411 2243 1479 2281; x_wconf 92' lang='lat' dir='ltr'><strong>De</strong></span> <span class='ocrx_word' id='word_1_249' title='bbox 1507 2241 1620 2297; x_wconf 84' lang='lat' dir='ltr'><strong>Sey-</strong></span> 
     </span>
     <span class='ocr_line' id='line_1_36' title="bbox 311 2295 1620 2354; baseline -0.005 -13"><span class='ocrx_word' id='word_1_250' title='bbox 311 2299 502 2341; x_wconf 76' lang='lat' dir='ltr'><strong>tharum</strong></span> <span class='ocrx_word' id='word_1_251' title='bbox 527 2295 714 2354; x_wconf 66' lang='lat' dir='ltr'><strong>origine</strong></span> <span class='ocrx_word' id='word_1_252' title='bbox 736 2297 844 2347; x_wconf 78' lang='lat' dir='ltr'><strong>quid</strong></span> <span class='ocrx_word' id='word_1_253' title='bbox 874 2298 957 2349; x_wconf 74' lang='lat' dir='ltr'><strong>ipsi</strong></span> <span class='ocrx_word' id='word_1_254' title='bbox 986 2306 1255 2347; x_wconf 82' lang='lat' dir='ltr'><strong>memorent,</strong></span> <span class='ocrx_word' id='word_1_255' title='bbox 1289 2311 1400 2348; x_wconf 89' lang='lat' dir='ltr'><strong>quos</strong></span> <span class='ocrx_word' id='word_1_256' title='bbox 1420 2295 1620 2351; x_wconf 77' lang='lat' dir='ltr'><strong>Scythas</strong></span> 
     </span>
     <span class='ocr_line' id='line_1_37' title="bbox 309 2350 1621 2417; baseline -0.003 -22"><span class='ocrx_word' id='word_1_257' title='bbox 309 2354 493 2417; x_wconf 48' lang='lat' dir='ltr'><strong>Graeci,</strong></span> <span class='ocrx_word' id='word_1_258' title='bbox 532 2353 617 2404; x_wconf 87' lang='lat' dir='ltr'><strong>ipsi</strong></span> <span class='ocrx_word' id='word_1_259' title='bbox 643 2366 689 2392; x_wconf 87' lang='lat' dir='ltr'><strong>se</strong></span> <span class='ocrx_word' id='word_1_260' title='bbox 715 2354 932 2393; x_wconf 71' lang='lat' dir='ltr'><strong>Scolotos</strong></span> <span class='ocrx_word' id='word_1_261' title='bbox 966 2353 1212 2393; x_wconf 81' lang='lat' dir='ltr'><strong>nominant.</strong></span> <span class='ocrx_word' id='word_1_262' title='bbox 1246 2350 1408 2405; x_wconf 84' lang='lat'><strong>(5-7.)</strong></span> <span class='ocrx_word' id='word_1_263' title='bbox 1463 2351 1621 2392; x_wconf 86' lang='lat' dir='ltr'><strong>Gracci</strong></span> 
     </span>
     <span class='ocr_line' id='line_1_38' title="bbox 306 2406 1621 2462; baseline -0.002 -13"><span class='ocrx_word' id='word_1_264' title='bbox 306 2409 489 2449; x_wconf 85' lang='lat' dir='ltr'><strong>Pontic1</strong></span> <span class='ocrx_word' id='word_1_265' title='bbox 522 2410 706 2462; x_wconf 84' lang='lat' dir='ltr'><strong>Scythas</strong></span> <span class='ocrx_word' id='word_1_266' title='bbox 738 2411 795 2447; x_wconf 82' lang='lat' dir='ltr'><strong>ab</strong></span> <span class='ocrx_word' id='word_1_267' title='bbox 822 2409 1030 2448; x_wconf 75' lang='lat' dir='ltr'><strong>Hercule</strong></span> <span class='ocrx_word' id='word_1_268' title='bbox 1052 2422 1102 2447; x_wconf 79' lang='lat' dir='ltr'><strong>cx</strong></span> <span class='ocrx_word' id='word_1_269' title='bbox 1124 2406 1342 2448; x_wconf 80' lang='lat' dir='ltr'><strong>Echidna</strong></span> <span class='ocrx_word' id='word_1_270' title='bbox 1367 2412 1621 2460; x_wconf 77' lang='lat' dir='ltr'><strong>procreatos</strong></span> 
     </span>
     <span class='ocr_line' id='line_1_39' title="bbox 308 2461 1621 2520; baseline 0 -15"><span class='ocrx_word' id='word_1_271' title='bbox 308 2465 578 2505; x_wconf 76' lang='lat' dir='ltr'><strong>fabulantur.</strong></span> <span class='ocrx_word' id='word_1_272' title='bbox 599 2464 684 2515; x_wconf 84' lang='grc'><strong>(8-</strong></span> <span class='ocrx_word' id='word_1_273' title='bbox 703 2465 790 2515; x_wconf 87' lang='grc' dir='ltr'>ιο.)</span> <span class='ocrx_word' id='word_1_274' title='bbox 828 2463 1028 2520; x_wconf 71' lang='lat' dir='ltr'><strong>Scythae</strong></span> <span class='ocrx_word' id='word_1_275' title='bbox 1052 2465 1291 2515; x_wconf 76' lang='lat' dir='ltr'><strong>Nomades,</strong></span> <span class='ocrx_word' id='word_1_276' title='bbox 1321 2476 1346 2502; x_wconf 87' lang='lat' dir='ltr'><strong>a</strong></span> <span class='ocrx_word' id='word_1_277' title='bbox 1367 2461 1621 2516; x_wconf 79' lang='lat' dir='ltr'><strong>Massagetis</strong></span> 
     </span>
     <span class='ocr_line' id='line_1_40' title="bbox 309 2517 1616 2572; baseline -0.004 -11"><span class='ocrx_word' id='word_1_278' title='bbox 309 2520 421 2561; x_wconf 87' lang='lat' dir='ltr'><strong>olim</strong></span> <span class='ocrx_word' id='word_1_279' title='bbox 451 2521 573 2561; x_wconf 79' lang='lat' dir='ltr'><strong>hello</strong></span> <span class='ocrx_word' id='word_1_280' title='bbox 604 2518 762 2572; x_wconf 87' lang='lat' dir='ltr'><strong>pressi,</strong></span> <span class='ocrx_word' id='word_1_281' title='bbox 791 2517 1074 2560; x_wconf 72' lang='lat' dir='ltr'><strong>Cimmerios</strong></span> <span class='ocrx_word' id='word_1_282' title='bbox 1105 2519 1285 2559; x_wconf 87' lang='lat' dir='ltr'><strong>sedibus</strong></span> <span class='ocrx_word' id='word_1_283' title='bbox 1314 2518 1403 2559; x_wconf 88' lang='lat' dir='ltr'><strong>suis</strong></span> <span class='ocrx_word' id='word_1_284' title='bbox 1434 2518 1616 2571; x_wconf 81' lang='lat' dir='ltr'><strong>pepule-</strong></span> 
     </span>
     <span class='ocr_line' id='line_1_41' title="bbox 309 2573 1618 2631; baseline -0.002 -13"><span class='ocrx_word' id='word_1_285' title='bbox 309 2583 432 2630; x_wconf 80' lang='lat' dir='ltr'><strong>rant,</strong></span> <span class='ocrx_word' id='word_1_286' title='bbox 457 2582 498 2616; x_wconf 86' lang='lat' dir='ltr'><strong>et</strong></span> <span class='ocrx_word' id='word_1_287' title='bbox 517 2575 738 2631; x_wconf 79' lang='lat' dir='ltr'><strong>fugientes</strong></span> <span class='ocrx_word' id='word_1_288' title='bbox 765 2574 1010 2630; x_wconf 83' lang='lat' dir='ltr'><strong>persecuti,</strong></span> <span class='ocrx_word' id='word_1_289' title='bbox 1040 2588 1064 2614; x_wconf 82' lang='lat' dir='ltr'><strong>a</strong></span> <span class='ocrx_word' id='word_1_290' title='bbox 1093 2574 1164 2617; x_wconf 84' lang='lat' dir='ltr'><strong>via</strong></span> <span class='ocrx_word' id='word_1_291' title='bbox 1183 2575 1434 2627; x_wconf 68' lang='lat' dir='ltr'><strong>aberrantes</strong></span> <span class='ocrx_word' id='word_1_292' title='bbox 1455 2573 1502 2614; x_wconf 85' lang='lat' dir='ltr'><strong>in</strong></span> <span class='ocrx_word' id='word_1_293' title='bbox 1523 2573 1618 2620; x_wconf 77' lang='lat' dir='ltr'><strong>Me-</strong></span> 
     </span>
    </p>
   </div>
   <div class='ocr_carea' id='block_1_5' title="bbox 1741 0 1801 2620">
    <p class='ocr_par' dir='ltr' id='par_1_6' title="bbox 1741 0 1801 2620">
     <span class='ocr_line' id='line_1_42' title="bbox 1741 0 1801 2620; baseline 0 0"><span class='ocrx_word' id='word_1_294' title='bbox 1741 0 1801 2620; x_wconf 95' lang='lat' dir='ltr'><strong> </strong></span> 
     </span>
    </p>
   </div>
  </div>
 </body>
</html>
