1801 3047
320 246 416 296 536
652 247 1283 300 ARGUMENTUM

318 363 412 399 ctor
441 371 554 410 quae
575 357 689 400 Deli
708 367 939 400 canuntur.
965 359 1090 414 (35.)
1127 363 1194 402 De
1222 357 1433 402 Ahar-ide
1457 359 1622 403 fabula.

317 414 440 466 (36.)
469 413 602 454 Ridet
622 416 876 456 Herodotus
892 418 993 462 hos,
1022 416 1101 467 qui
1117 418 1240 457 velut
1254 431 1306 456 ex
1326 423 1457 456 torno
1473 424 1625 457 rotun-

319 470 421 509 dam
444 475 641 509 statuunt
664 477 846 523 terram,
869 478 912 511 et
932 471 1134 522 undique
1157 471 1269 511 mari
1293 471 1494 511 cinctam.
1510 469 1624 523 (ib.)

382 523 634 565 Universae
662 532 816 565 terrae
844 524 1103 578 descriptio
1135 541 1187 567 ex
1215 533 1362 567 mente
1390 527 1625 567 Herodoti.

316 579 490 625 Asia,
516 594 665 620 versus
696 580 971 620 occidentem
1000 581 1047 620 in
1075 584 1182 621 duas
1214 583 1337 621 velut
1367 581 1625 634 peninsulas

316 634 534 686 excurrit,
567 648 755 685 quarum
788 637 926 676 altera
949 633 1071 677 Asia
1090 634 1318 693 inferior,
1347 637 1482 688 (coll.
1500 639 1534 676 Ι.
1557 649 1624 687 72.

316 691 377 730 ΙΙ.
396 688 492 741 34.)
520 691 658 729 altera
683 688 894 731 Arabia.-
927 691 1098 742 reliqua
1127 693 1360 732 continens
1386 706 1412 731 a
1437 692 1624 731 meridie

317 745 431 785 mari
459 744 637 784 australi
668 744 843 797 finitur,
875 759 900 785 a
924 746 1225 798 septentrione
1250 747 1363 787 mari
1391 747 1553 799 Caspio
1583 753 1626 786 et

317 802 460 841 Araxe
486 799 647 839 fluvio:
686 814 799 850 quae
827 802 883 840 ab
913 801 1084 841 oriente
1113 810 1215 841 sunt
1245 804 1423 854 Indiae,
1455 804 1626 842 deserta

317 861 420 895 sunt
456 859 499 895 et
528 854 770 911 incognita.
812 854 1035 908 (37-40.)
1077 854 1289 914 Libya,
1325 867 1445 897 arcto
1480 857 1624 910 spatio

318 910 447 953 Asiae
479 909 686 962 contigua
717 916 799 963 est,
828 917 1051 950 caeterum
1072 911 1272 963 undique
1298 912 1412 952 mari
1437 912 1626 954 circum-

318 964 479 1014 luitur3
499 967 621 1015 quod
637 963 897 1006 Phoenices
917 965 1027 1006 olim
1044 979 1068 1005 a
1085 967 1274 1006 Necone
1293 967 1434 1019 missi,
1454 982 1504 1008 ac
1518 967 1626 1007 dein

318 1020 711 1073 Carthaginenses,
743 1021 914 1073 experti
942 1028 1066 1061 sunt:
1105 1021 1296 1074 Sataspis
1328 1036 1434 1063 vero
1464 1024 1627 1063 Persae

317 1075 546 1129 navigatio
585 1074 767 1116 iubente
801 1076 937 1116 Dario
973 1083 1172 1128 suscepta
1211 1076 1390 1128 quidem
1424 1085 1508 1122 est,
1548 1079 1627 1117 sed

317 1145 412 1172 non
443 1130 649 1183 perfecta.
680 1129 759 1184 (41
777 1132 905 1183 -43.)
933 1134 1001 1172 Ab
1027 1133 1184 1172 eodem
1210 1145 1316 1171 vero
1339 1131 1518 1178 Darios,
1548 1132 1628 1184 qui

318 1185 466 1229 Indos
491 1186 684 1241 subegit,
711 1200 870 1241 magna
884 1186 1011 1227 Asiae
1029 1200 1130 1240 pars
1149 1202 1230 1240 per
1247 1188 1484 1244 Scylacem
1507 1187 1629 1228 dete-

322 1247 389 1281 cta
420 1248 495 1281 est.
532 1239 658 1294 (44.)
696 1242 959 1294 Europa,
995 1256 1130 1294 super
1162 1243 1355 1295 Libyam
1398 1251 1439 1283 et
1468 1242 1629 1283 Asiam

322 1296 536 1336 continuo
558 1303 710 1337 tenore
732 1304 935 1350 porrecta
949 1328 961 1350 ,
992 1297 1052 1352 (e.
1072 1296 1168 1350 42.)
1198 1312 1330 1349 quam
1350 1300 1437 1338 late
1459 1299 1514 1338 ad
1533 1312 1630 1351 sep-

320 1351 605 1392 temtrionem
633 1359 800 1404 pateat,
831 1359 872 1392 et
904 1366 958 1392 an
993 1353 1059 1393 ibi
1089 1353 1345 1393 circumflua
1371 1353 1450 1404 sit,
1484 1353 1629 1393 incer-

320 1414 432 1447 tum.
458 1409 549 1447 Nec
566 1420 673 1447 vero
694 1407 896 1448 debuisse
917 1414 1100 1461 terram,
1123 1423 1236 1460 quae
1259 1422 1347 1448 una
1371 1407 1448 1460 sit,
1470 1408 1517 1448 in
1543 1415 1629 1449 tres

319 1468 467 1517 partes
506 1462 674 1515 dividi,
713 1476 900 1514 quarum
930 1464 1064 1504 etiam
1096 1464 1282 1504 nomina
1308 1464 1501 1504 incertae
1526 1471 1630 1505 sunt

323 1517 524 1572 originis.
542 1517 637 1571 (45.
657 1520 759 1558 coll.
781 1533 819 1558 c.
838 1517 934 1571 42.)

379 1574 587 1613 Ponticae
610 1581 760 1628 gentes
792 1575 1016 1627 stupidae,
1041 1574 1223 1626 excepta
1246 1574 1472 1627 Scythica.
1500 1575 1628 1626 (¹46.)

321 1629 542 1684 Scythae,
567 1629 803 1681 pecoribus
824 1630 1047 1681 viventes,
1071 1637 1113 1669 et
1138 1633 1295 1670 domos
1313 1629 1518 1682 plaustris
1543 1629 1628 1668 cir-

324 1686 661 1738 cumvehentes,
690 1684 872 1725 inventu
898 1684 1099 1725 difficiles
1120 1693 1162 1724 et
1181 1684 1337 1724 invicti
1361 1691 1475 1725 sunt.
1505 1683 1629 1736 (46.)

323 1739 642 1792 Compluribus
661 1740 809 1781 fluviis
832 1740 1039 1795 irrigatur
1060 1741 1242 1780 illorum
1267 1747 1408 1790 terra,
1438 1754 1630 1791 quorum

322 1796 543 1835 maximus
569 1794 626 1836 Is
641 1802 736 1836 ter.
768 1795 881 1849 (47-
899 1794 991 1849 5ο.)
1019 1795 1137 1835 Dein
1170 1797 1343 1850 Tyras,
1370 1793 1498 1848 (51.)
1526 1795 1630 1852 Hy-

313 1848 488 1903 panis,
507 1849 630 1904 (52.)
649 1852 988 1908 Borysthenes,
1016 1849 1143 1903 (53.)
1172 1848 1459 1903 Panticapes
1475 1879 1486 1893 ‚
1516 1847 1630 1902 (54.)
1658 1894 1661 1902 ,

321 1906 384 1947 H
372 1904 628 1963 ypacyris,
660 1907 893 1951 Get-rhus,
920 1914 960 1946 et
990 1904 1187 1951 Tanais,
1216 1906 1265 1945 in
1286 1919 1419 1956 quem
1441 1906 1501 1945 H
1488 1903 1629 1961 yrgis

322 1959 484 2000 influit.
513 1960 595 2014 (55
611 1986 631 1992 -
645 1960 738 2014 57.)
771 1962 972 2002 Gramen
992 1961 1274 2014 Scythicum,
1295 1960 1432 2001 bilem
1455 1959 1629 2014 pecori-

323 2016 407 2056 bus
437 2015 727 2071 auget-(58.)

378 2069 670 2112 Instituta
696 2073 1058 2129 Scytharum.
1096 2068 1310 2113 Numina
1335 2073 1391 2112 ab
1416 2070 1505 2111 illis
1535 2071 1630 2109 cul-

324 2131 391 2165 ta:
420 2127 501 2166 uni
522 2125 679 2168 Marti
708 2129 869 2179 templa
895 2134 1163 2167 consecrant.
1191 2125 1317 2179 (59.)
1346 2125 1629 2167 Sacrificandi

323 2181 446 2221 ritus.
487 2181 586 2234 (60.
610 2181 705 2230 61.)
745 2180 924 2224 Martis
957 2184 1195 2235 templum,
1225 2196 1322 2233 ara,
1355 2182 1555 2236 signum,
1586 2186 1629 2220 et

321 2236 555 2285 sacrificia,
576 2237 623 2276 in
642 2251 821 2289 quaque
836 2237 1125 2290 praefectura.
1150 2236 1275 2290 (62.)
1303 2238 1410 2277 Sues
1424 2249 1629 2276 aversan-

323 2298 407 2332 tur.
428 2290 551 2345 (63.)
574 2294 811 2333 Caesorum
833 2291 1038 2333 hostium
1052 2292 1255 2346 pellibus
1276 2299 1318 2331 et
1335 2289 1516 2331 orantis
1537 2303 1629 2343 quo

321 2354 452 2400 pacto
470 2355 664 2387 utantur.
684 2350 778 2398 (64.
801 2347 895 2399 65.)
927 2350 1082 2387 Honos
1103 2347 1278 2387 habitus
1301 2347 1489 2386 fortibus
1509 2345 1630 2386 viris.

321 2401 436 2456 (66.)
454 2400 715 2443 Divinandi
734 2403 857 2442 ritus.
882 2404 1087 2443 Enarees
1109 2402 1186 2454 (cf.
1205 2405 1238 2442 Ι.
1259 2399 1371 2454 105.)
1395 2401 1629 2442 divinandi

319 2465 461 2499 artem
483 2471 509 2497 a
527 2460 699 2499 Venere
726 2459 903 2498 habent.
933 2456 1064 2509 (67.)
1103 2458 1207 2498 Rex
1231 2465 1509 2514 aegrotans,
1538 2470 1628 2508 quo

320 2520 450 2567 pacto
473 2520 591 2554 vates
613 2515 823 2554 consulat.
843 2511 942 2566 (68.
960 2511 1055 2565 89.)
1098 2511 1447 2570 Ritusfoederis
1472 2512 1629 2552 ferient

321 2569 382 2616 di.
412 2567 538 2623 (70·)
563 2569 818 2622 Sepultura
846 2583 1029 2624 regum,
1061 2567 1250 2623 inseriae
1278 2568 1546 2621 dirissimae,
1583 2573 1625 2607 et
