1791 3052
480 242 711 292 mem
767 238 1117 311 QUARTI.
1365 240 1461 307 539

147 360 451 412 tempestatem
480 355 749 396 Tartessum
777 351 854 405 (cf.
869 353 904 393 Ι.
926 353 1038 403 163.)
1064 353 1299 405 abreptus,
1320 353 1461 393 maxi-

146 429 239 455 mas
255 413 360 454 inde
378 411 573 463 divitias,
590 416 690 462 post
701 411 971 450 Sostratum
990 407 1273 462 Aeginetam‚
1292 409 1456 450 retulit.

145 467 304 523 (152.)
335 466 540 518 Denique
565 462 761 505 Theraei
780 478 930 520 regem
946 464 1144 504 Battum
1166 477 1266 503 cum
1287 464 1460 506 colonis

145 526 364 568 Plateam
398 521 626 562 miserunt.
657 519 814 573 (153.)
857 520 1080 571 Cyrenaei
1110 519 1308 559 Battum
1337 521 1461 562 hunc

144 580 384 633 perhibent
408 576 552 616 filium
585 575 841 616 mercatoris
860 574 1050 616 Theraei
1077 580 1119 614 et
1137 572 1459 622 Phronimae,

144 635 290 690 reguli
321 631 537 674 Cretensis
568 631 711 680 filiae,
748 645 862 683 quae
890 630 960 672 illi
995 632 1182 670 salutem
1218 632 1459 682 debuerat;

141 691 276 731 fuisse
304 688 511 729 eumdem
535 686 689 742 lingua
715 687 923 734 balbum,
954 688 1032 726 sed
1057 688 1112 726 ab
1138 687 1319 726 oraculo
1342 685 1458 726 desi-

144 752 326 801 gnatum
355 742 434 794 qui
458 742 506 782 in
535 742 681 796 Libya
712 744 921 796 Cyrenen
959 741 1183 782 coloniam
1220 743 1457 785 conderet:

143 803 315 843 Battus
361 805 512 838 autem
553 798 729 852 Libyco
778 812 985 839 sermone
1025 812 1177 854 regem
1221 797 1454 852 significat.

143 852 419 909 (154-156.)
457 855 697 895 Coloniam
725 854 804 894 ille
835 854 1032 907 primum
1060 868 1109 893 m
1136 854 1354 895 Plateam
1380 855 1457 893 de·
1533 869 1543 877 ‘

141 910 285 961 duxit3
306 909 471 950 deinde
482 907 658 951 Azirin
671 927 685 950 :
702 917 929 962 postremo
943 910 1173 967 Cyrenen.
1199 908 1323 961 (157.
1341 908 1457 964 158.)

138 968 371 1021 Regnante
386 966 534 1006 Batto
550 965 619 1006 II.
643 979 770 1020 cogn.
790 963 970 1013 Felice,
996 963 1268 1018 (Arcesilai
1284 966 1319 1003 Ι.
1335 965 1454 1019 filio,

137 1019 277 1062 Batti
305 1021 350 1060 Ι.
378 1020 572 1074 nepote)
615 1021 767 1061 multis
799 1035 852 1061 ex
884 1021 1009 1061 omni
1041 1021 1231 1061 Graecia
1269 1021 1455 1063 advenis

136 1078 264 1117 aucta
292 1076 494 1128 colonia,
526 1073 698 1134 Libyes
722 1091 831 1132 agro
856 1077 976 1117 exuti
1002 1076 1097 1131 regi
1121 1076 1453 1131 Aegyptiorum

135 1146 181 1172 se
209 1132 511 1183 tradiderunt3
540 1135 618 1173 sed
646 1129 875 1189 Aegyptii
909 1146 1070 1186 magna
1098 1134 1226 1172 clade
1252 1146 1276 1171 a
1307 1133 1454 1190 Cyre-

135 1186 266 1228 naei-5
288 1187 449 1227 adfecti
479 1194 605 1238 sunt3
640 1202 773 1240 quam
796 1190 854 1228 ob
877 1202 1072 1228 caussam
1092 1189 1147 1228 ab
1169 1185 1322 1241 Aprie
1349 1203 1453 1245 rege

130 1243 406 1285 defecerunt.
431 1241 588 1296 (159.)
627 1241 870 1286 Arcesilai
897 1245 971 1284 ΙΙ.
1004 1244 1166 1296 frater,
1209 1243 1394 1284 dissidio
1426 1259 1451 1285 a

133 1313 237 1353 rege
261 1299 401 1351 facto,
426 1300 611 1340 Barcen
631 1299 846 1342 condidit.
871 1298 1024 1353 (160.)
1054 1302 1287 1355 Regnante
1302 1300 1450 1341 Batto

132 1354 239 1394 111.
263 1357 379 1408 pede
398 1356 585 1408 claudo,
609 1362 833 1396 corrector
855 1355 1045 1396 civitatis
1059 1355 1309 1396 Demonaa:
1323 1358 1451 1396 Man-

98 1450 101 1461 ,
133 1409 253 1450 tinea
278 1410 442 1451 accitus
476 1417 561 1461 est3
594 1410 720 1452 cuius
746 1410 945 1452 instituta
973 1425 1066 1451 non
1090 1411 1236 1452 ferens
1257 1409 1451 1452 Arcesi-

132 1465 237 1506 laus
255 1466 360 1505 ΙΙΙ.
385 1466 529 1519 patria
554 1468 708 1519 pulsus
727 1469 919 1509 Samum
941 1467 1165 1522 profugit:
1195 1474 1335 1506 mater
1354 1467 1450 1509 eius

130 1519 404 1562 Pher-etima
428 1524 484 1562 ab
507 1523 796 1568 Eueltlzone,
829 1522 971 1576 Cypri
995 1537 1121 1577 rege,
1147 1525 1250 1563 loco
1282 1523 1449 1563 exerci-

130 1582 200 1617 tus
225 1590 360 1629 quem
381 1578 592 1630 petierat,
624 1578 691 1618 nil
714 1578 802 1619 nisi
828 1576 1080 1619 muliebria
1107 1579 1234 1619 dona
1262 1578 1448 1632 accepit.

130 1630 255 1685 (161.
280 1633 404 1687 161.)
432 1632 736 1682 Arcesilaus,
762 1634 1020 1675 Samiorum
1046 1637 1185 1689 opera
1212 1648 1351 1690 regno
1380 1650 1449 1675 re-

129 1695 340 1739 cuperato
354 1717 364 1734 ‚
389 1689 528 1729 saevit
549 1689 597 1730 in
622 1690 921 1731 adversarios:
948 1690 1053 1730 dein
1071 1690 1244 1730 oraculi
1265 1687 1447 1731 effatum

129 1749 354 1790 metuens,
381 1745 568 1787 Barcen
589 1760 636 1786 se
660 1746 874 1799 contulit,
901 1745 1058 1798 ibique
1089 1760 1191 1786 cum
1218 1760 1322 1800 rege
1342 1748 1448 1786 Bar-

131 1811 339 1839 caeorum
359 1799 619 1842 interfectus
639 1807 714 1842 est.
742 1802 867 1857 (163.
888 1801 1010 1856 164.)
1038 1804 1153 1842 Tum
1172 1799 1447 1843 Pher-etima

130 1866 263 1906 opem
301 1855 562 1908 imploravit
592 1855 868 1914 Aryandis,
912 1857 1127 1910 praefecti
1165 1857 1389 1911 Acgypti3
1420 1872 1447 1898 a

130 1923 220 1960 quo
235 1909 566 1967 Aryandicum
585 1920 860 1970 argentum,
879 1914 991 1954 sicut
1011 1927 1036 1953 a
1056 1912 1193 1953 Dario
1211 1911 1447 1954 Dar-icum

128 1978 326 2011 aurum,
344 1980 509 2008 nomen
535 1968 723 2009 invenit.
742 1969 867 2024 (165.
891 1967 1004 2021 166.)
1033 1971 1076 2009 Is
1101 1969 1301 2009 validum
1328 1984 1447 2009 exer-

129 2018 266 2060 citum
298 2021 345 2060 in
371 2021 571 2080 Libyam
602 2024 745 2071 misit,
775 2024 923 2077 specie
952 2024 1213 2064 vindicandi
1247 2032 1445 2066 mortem

127 2074 391 2124 Arcesilai,
418 2093 574 2120 revera
598 2078 670 2132 (ut
691 2082 924 2120 Herodoto
946 2080 1152 2132 videtur)
1177 2095 1256 2133 spe
1273 2081 1445 2133 Libyae

127 2133 324 2185 populos
344 2134 427 2173 sub
451 2134 690 2187 imperium
717 2138 955 2176 Persarum
979 2135 1228 2191 redigendi.
1252 2135 1407 2190 (167.)

181 2189 487 2229 Recensentur
511 2190 675 2232 diversi
702 2190 919 2249 Libyae
941 2190 1165 2246 populi.
1207 2191 1348 2231 Primi
1387 2194 1444 2232 ab

127 2243 336 2299 Aegypto
356 2244 744 2303 Adyrmachidae
758 2264 771 2286 :
793 2250 949 2300 (168.)
988 2255 1081 2287 tum
1111 2245 1444 2304 Giligammae,

127 2300 247 2349 apud
267 2313 378 2351 quos
400 2300 559 2354 incipit
583 2300 826 2356 silphium.
848 2303 1005 2357 (169.)
1034 2303 1293 2361 Asbystae,
1310 2317 1445 2357 supra

128 2355 359 2414 Cyrenen:
383 2354 542 2411 (170.)
575 2373 710 2411 super
730 2361 913 2399 Baream
934 2359 1223 2405 Auschisae,
1249 2372 1443 2411 quorum

127 2422 175 2447 in
206 2407 369 2451 finibus
396 2412 604 2454 Cabales.
630 2415 786 2467 (170.)
823 2417 1081 2467 Sequuntur
1116 2416 1444 2461 Nasamones,·

129 2463 248 2522 (172.
271 2465 326 2504 cs.
347 2468 406 2506 Π.
428 2469 520 2520 32.)
548 2468 731 2527 Psyllis
753 2472 901 2522 (173.)
933 2472 1267 2516 Garamantes,·
1289 2469 1444 2523 (174.)

130 2520 319 2568 Macae,
349 2536 541 2574 quorum
567 2525 617 2566 in
649 2526 812 2567 finibus
839 2526 1022 2582 Cinyps
1042 2526 1226 2576 fluvius,
1254 2532 1295 2564 et
1323 2527 1445 2565 Gra-

104 2570 106 2574 '
129 2571 307 2616 tiarum
329 2576 489 2619 collis.-
507 2579 654 2634 (175.)
685 2580 949 2630 Gindanes;
971 2580 1120 2635 (176.)
1145 2578 1443 2638 Lotophagi,-
