1760 3052
307 259 397 308 IN
434 254 876 306 HERoDon
911 254 1066 303 LIB.
1101 256 1171 308 v.
1312 228 1405 305 261

91 370 179 417 Pb.
233 372 262 412 I.
283 373 346 412 15.
365 375 539 417 μᾶλλον
567 371 589 414 ἢ
614 369 744 423 σφίσι)
775 370 910 410 Abest
937 372 1075 416 μᾶλλον
1107 366 1255 410 Vind.
1273 388 1328 399 —-
1356 370 1412 408 Et

92 427 259 468 abiecit
282 423 463 483 Sebaqfi
509 426 756 466 Revocavit
780 425 928 466 Borh.
962 431 1006 464 et
1037 425 1248 476 equidem
1284 421 1412 463 tenui

94 498 196 524 cum
218 483 317 523 aliis
335 481 558 522 omnihus.
623 481 652 520 l.
678 483 741 520 16.
761 480 885 524 Sum&
906 478 976 534 ἣν)
995 479 1067 520 Sic
1082 479 1208 520 Med.
1223 479 1331 518 Ask.
1346 481 1412 529 [et

19 557 22 559 >
91 540 172 589 E]
203 541 257 579 In
289 539 426 579 Pass.
449 536 626 580 δηλαδνὶϊα.
666 536 720 576 In
749 535 936 587 reliquis
961 534 1084 579 ἓηλαὲἦ
1111 536 1167 574 ἵνα
1192 535 1244 578 ἢν.
1263 555 1318 566 -
1337 532 1412 574 Sic

92 594 183 635 Pa.
209 597 273 634 Ex
297 593 398 633 aliis
417 590 580 634 Paris.
604 590 670 631 nil
690 597 906 632 notatum.
967 592 997 631 l.
1028 604 1088 642 17.
1110 587 1412 642 ἀπονοστήσουσι)

93 651 347 693 ‹imvm-dmm
363 647 513 689 Arch.
529 648 652 698 quod
671 646 963 688 commodius.
997 644 1067 700 [Et
1082 645 1145 686 sie
1155 645 1224 686 ed.
1247 644 1306 683 W
1307 646 1410 693 ess-1

93 705 359 747 ἀπονοστήσουσι
377 702 470 743 alii.
482 726 537 735 --
557 704 679 754 quod
695 702 904 743 revocavi
923 716 1023 742 eum
1035 697 1216 757 Schaqf.
1233 708 1276 740 et
1288 706 1413 739 tuen-

91 766 165 800 tur
184 762 271 800 hoc
283 759 372 800 Pa.
387 758 474 800 Pb.
491 759 642 799 neseio
660 772 716 798 an
735 766 778 799 et
795 758 874 798 alii
891 755 1053 799 Paris.
1083 759 1136 797 In
1151 759 1206 798 F.
1223 754 1412 798 οἷπονοστῆ·

90 833 196 868 σωσι,
217 816 294 855 sed
313 828 505 867 superne
526 816 582 854 ab
606 816 761 855 eadem
782 828 918 854 manu
942 812 1282 854 commendatur
1301 811 1411 850 alte-

90 884 139 910 ra
158 870 392 923 scriptura.

149 926 234 967 CA
236 928 293 967 P.
305 924 480 969 CXIX·
489 923 598 967 Lin.
614 926 634 965 5
645 939 734 978 seq.
748 924 856 976 ἄνδρες
872 927 901 972 ἔς
911 923 1116 979 διο-χιλίους)
1129 923 1237 974 ἄνδρες
1250 922 1410 971 δισχίλιοι

90 980 240 1022 ΑῙὌῘι.
254 990 296 1022 et
314 979 460 1023 Vind.
488 990 530 1021 et
551 981 715 1030 deinde
736 981 858 1031 μύριοι.
899 982 950 1020 In
969 982 1026 1021 F.
1051 983 1095 1020 h.
1114 983 1144 1021 l.
1165 979 1272 1029 ἄνδρες
1290 982 1411 1027 χίλιοι.

91 1038 122 1076 l.
143 1051 180 1087 7.
204 1039 329 1078 αὐτέων
348 1037 396 1077 in
413 1049 549 1077 masc.
569 1050 671 1092 gen.
694 1050 795 1076 cum
817 1035 916 1076 aliis
940 1034 1016 1076 hic
1037 1043 1157 1077 tenet
1172 1036 1230 1076 F.
1284 1031 1409 1074 Ibid-

89 1092 306 1146 Λάβροινδα)
332 1092 404 1132 Sic
421 1093 528 1132 Ask.
555 1106 657 1132 cum
681 1092 817 1135 Aldo.
838 1095 909 1144 [et
926 1093 982 1133 F.
997 1092 1148 1133 neseio
1168 1105 1225 1131 an
1244 1096 1286 1129 et
1301 1087 1411 1142 Pb]

89 1147 297 1197 Λάβραυνδα
313 1149 437 1189 Med.
467 1149 617 1199 [quod
640 1146 833 1200 arripuit
858 1148 1038 1197 Gron.]
1067 1146 1247 1198 Λάβρυνδα
1267 1144 1410 1185 Areh.

98 1202 151 1244 V
149 1201 244 1243 ind.
266 1203 383 1256 [Pa.
400 1202 510 1256 Pa]
533 1210 575 1243 et
595 1204 730 1244 Pass.
759 1217 813 1243 ex
833 1203 1122 1244 correctione.
1143 1201 1411 1258 Labrydem

97 1259 151 1299 V
147 1259 258 1298 alla·
283 1282 334 1288 —
365 1258 545 1309 Aoe'ssqmssoe
571 1258 659 1298 Pd.
728 1258 759 1298 l.
792 1261 831 1298 8.
866 1265 1106 1300 πλατανίστων
1124 1258 1145 1312 )
1177 1257 1408 1298 πλατάνιστον

89 1313 238 1354 Arell-
302 1315 331 1353 l.
346 1312 518 1367 9.ι’3μεν)
536 1316 630 1359 ἴσμεν
647 1314 702 1353 R
763 1314 792 1354 l.
811 1329 834 1366 9
859 1330 948 1368 seq.
969 1318 1079 1366 Κοῖρές
1091 1317 1152 1354 εἷο-ι
1173 1313 1204 1353 οἳ
1222 1317 1410 1363 Δι’ἰΣτροι-

88 1373 149 1420 τίῳ
171 1376 250 1409 etc.
281 1369 393 1409 Citat
408 1370 632 1410 Euscath.
651 1368 781 1409 Iliad.
799 1384 845 1422 p.
870 1374 946 1422 ¹87
964 1399 975 1418 ‚
1000 1383 1063 1421 17.
1083 1394 1138 1400 -
1153 1383 1198 1422 p·
1218 1371 1317 1419 143,
1344 1380 1410 1417 17-

90 1426 161 1464 ed.
186 1427 278 1465 Bas.
301 1424 381 1465 uhi
401 1425 509 1475 Κοέρες
530 1431 762 1478 penacute.
801 1427 855 1465 In
875 1427 931 1467 F.
962 1425 1243 1479 promiscue,
1268 1423 1408 1462 modo

89 1483 220 1532 Κᾶρες,
250 1482 387 1521 modo
416 1480 536 1531 Kvsfsg.
594 1482 624 1521 l.
654 1495 716 1522 lo.
741 1485 982 1528 κατειληθέντες
1012 1478 1085 1532 ὧν)
1105 1482 1276 1522 κατειλκθ.
1300 1478 1339 1518 δὲ
1365 1474 1409 1518 ὧν

90 1534 263 1577 Medic.
284 1537 420 1578 Pass.
441 1537 555 1577 Ask.
605 1536 951 1577 Adversativam
981 1535 1217 1591 negligunt
1239 1533 1318 1574 alii
1337 1547 1409 1573 re-

92 1598 173 1632 ete.
190 1617 244 1624 —
267 1591 453 1644 Recepit
473 1591 503 1632 δὲ
521 1590 702 1651 Schaqfl
723 1606 823 1632 cum
848 1594 997 1634 Gron.
1033 1595 1086 1633 In
1102 1593 1160 1633 F.
1186 1605 1270 1646 pro
1292 1590 1324 1630 δὲ
1343 1586 1405 1635 ὧν,

91 1646 251 1688 vitiose
266 1647 477 1688 scribitur
496 1650 574 1689 τῶν.
632 1649 661 1687 l.
683 1665 694 1687 1
711 1663 746 1688 1.
761 1647 997 1702 ἐβουλεύοντο)
1017 1649 1216 1692 ἐβουλεύσαο
1235 1660 1315 1688 sua
1328 1659 1409 1685 au-

92 1703 296 1744 ctoritate
332 1702 473 1743 edidit
503 1703 650 1745 Borh.
678 1705 817 1744 multa
848 1704 1013 1758 passim
1042 1704 1090 1744 in
1123 1705 1210 1744 hoc
1243 1713 1409 1758 genera

89 1773 263 1799 novans
292 1766 469 1812 praeter
497 1759 817 1800 necessitatem.
882 1758 1004 1801 Ibid.
1030 1760 1174 1809 ὁκότεροι
1202 1760 1224 1803 ἢ
1247 1757 1407 1811 παροιδ.)

90 1815 163 1856 Sic
180 1815 327 1856 Arch.
352 1813 624 1856 Vind.Brit.
636 1816 760 1857 Med.
773 1815 1034 1858 Pass-Ask.
1045 1816 1155 1857 Ald.
1181 1815 1302 1856 Oiim
1322 1813 1408 1854 ὁκό-

91 1888 169 1923 τεροι
185 1872 227 1911 οἳ.
245 1895 297 1900 -
326 1869 348 1913 ἢ
371 1877 487 1910 recte
510 1871 632 1911 mssti
657 1885 834 1924 omnes,
854 1878 987 1924 atque
1012 1872 1144 1912 etiam
1164 1873 1231 1912 ed.
1249 1869 1408 1923 Steph.

84 1941 165 1980 pr.
187 1940 288 1967 cum
309 1925 451 1967 Aldo.
482 1928 671 1968 Temere
697 1928 726 1968 οἳ
746 1926 794 1967 in
816 1929 885 1967 ed.
901 1928 1058 1981 Sceph.
1082 1941 1120 1969 2.
1148 1928 1406 1981 irrepserat,

92 1984 214 2022 unde
234 1982 281 2022 in
307 1981 416 2023 alias
439 1990 754 2036 propagatum.
812 1984 842 2022 l.
866 1996 927 2024 12.
949 1985 1058 2030 σφέας
1078 1984 1239 2029 αὗτούς
1258 1981 1406 2025 Arc-h.

100 2035 248 2080 Vind.
272 2037 386 2079 Ask.
407 2062 461 2069 --
486 2045 528 2077 et
549 2040 604 2078 F.
624 2040 712 2080 Pa.
738 2041 861 2091 quod
880 2039 1070 2093 probavi
1095 2053 1195 2080 cum
1225 2034 1408 2094 Schaefi

94 2094 203 2141 σφέας
227 2094 382 2134 {wilred
395 2113 409 2139 ς
429 2094 496 2133 ed.
515 2095 662 2135 Wess.
679 2108 779 2134 cum
796 2095 909 2136 aliis.
966 2093 1088 2136 Jbid.
1109 2096 1255 2147 Πέρσῃσι
1273 2096 1408 2135 omit-

93 2156 189 2189 111111
208 2149 357 2191 ΑΙὊῘι.
393 2148 539 2190 Vind.
574 2151 731 2190 Valla.
795 2152 824 2192 l.
859 2156 922 2193 13.
951 2152 1140 2203 πρήξουσι)
1168 2151 1316 2203 πρήξωσι
1348 2151 1407 2192 F.

12 2200 14 2209 '
89 2207 167 2245 sed
191 2219 383 2257 superne
406 2223 441 2244 ου
462 2206 557 2244 ead.
583 2220 733 2248 manu.

144 2260 293 2302 CAP.
313 2259 462 2302 CXX.
476 2259 634 2301 Lin.3.
651 2262 888 2310 σύμμαχοι
909 2262 1076 2303 κύτέων
1096 2260 1244 2303 Arch.
1264 2260 1405 2304 Vind-

91 2318 240 2365 [unde
260 2317 327 2357 ecl.
353 2317 502 2356 Wess.
528 2323 570 2356 et
595 2317 750 2369 seqq·]
775 2317 938 2358 τούτων
961 2318 1207 2366 ξύμμαχοι
1237 2318 1330 2358 alii.
1350 2341 1404 2353 —-

88 2371 161 2412 Sic
176 2373 232 2412 F.
249 2372 339 2412 Pa.
351 2371 438 2412 Pb.
450 2373 537 2414 PC.
557 2387 656 2413 cum
670 2369 795 2414 Med.
811 2379 853 2412 et
866 2373 977 2413 Ald.
1036 2374 1064 2412 l.
1084 2379 1120 2415 5.
1141 2375 1403 2427 συμβάλλουσι)

86 2428 325 2473 ξυμβάλλευσι
349 2428 405 2466 F.
482 2429 511 2467 l.
542 2431 582 2469 6.
612 2431 718 2468 πλεῦν
742 2427 890 2471 Αιόἢ.
922 2430 965 2468 V
971 2426 1068 2468 ind.
1091 2430 1221 2469 bene.
1241 2433 1405 2472 -Antea

84 2483 201 2523 πλέον.
216 2507 267 2513 -
292 2481 365 2522 Sic
384 2483 441 2522 J*-
467 2497 569 2523 cum
591 2483 706 2524 aliis.
763 2485 792 2523 l.
814 2498 852 2535 7.
881 2484 1048 2524 πεσόντων
1071 2483 1102 2524 δὲ
1119 2487 1200 2524 τῶν
1221 2485 1403 2526 πάντων

79 2536 250 2592 πολλῶν)
277 2537 349 2578 sic
380 2551 456 2584 ora
476 2539 632 2593 Steph.
649 2539 784 2580 Pass.
811 2540 923 2581 Ask.
947 2561 1001 2570 --
1030 2539 1137 2581 item
1163 2541 1219 2581 F.
1246 2547 1288 2581 et
1316 2542 1401 2584 Pb.
