1791 3052
460 248 689 298 LIBRI
743 245 1075 317 QUINTI,
1161 250 1165 254 ·
1328 247 1426 306 543

112 364 194 418 eti,
235 363 419 419 Sigeum
449 361 536 413 (cf.
566 374 605 400 e.
635 360 730 414 94.)
770 372 817 398 se
847 357 1086 411 recipiunt.
1132 354 1428 399 Pisistratus

111 422 233 479 pride
258 419 479 472 originem
511 415 698 456 duxerit.
729 416 822 464 (64.
846 412 944 467 65.)
988 413 1273 454 Factionihus
1300 414 1427 454 dissi-

113 478 220 516 dent
238 474 485 531 Isagoras,
503 478 546 511 et
563 468 825 512 Clisthenes
845 483 897 509 ex
913 468 1332 510 Alcmaeonidarum
1362 469 1427 509 fa-

113 531 259 575 milia:
284 533 380 582 hic,
400 528 599 567 favorem
617 524 779 579 populi
798 532 997 578 captans,
1025 540 1048 565 e
1067 523 1429 577 quatuortribu-

117 588 201 627 bus
222 588 497 626 Athenarum
520 582 672 622 decem
693 581 810 621 fecit.
834 582 960 631 (66.)
990 581 1095 622 Eius
1120 595 1250 633 avus,
1276 580 1435 632 Sicyo-

115 642 297 682 niorum
316 647 555 694 tyrannus,
575 643 618 677 et
640 636 728 677 alia
745 634 948 693 Sicyone
967 644 1238 689 novaverat,
1263 644 1305 676 et
1324 636 1436 676 rha-

107 698 288 752 psodos
320 700 518 736 vetuerat
546 693 789 732 Homerica
830 691 1026 732 carmina
1061 707 1239 740 canere,
1283 699 1326 731 et
1356 691 1439 730 tri-

116 756 258 793 buum
278 750 462 792 nomina
493 756 761 798 mutaverat,
793 749 868 787 sed
890 747 953 787 ita
982 755 1030 787 ut
1060 749 1192 788 foede
1223 749 1436 788 illuderet

120 807 302 849 civibus.
335 816 343 840 0⁴
361 808 427 857 67.
451 807 545 855 68.)
585 806 696 844 Adv.
720 802 1029 850 Clisthenem,
1054 804 1351 856 potentiorem
1375 803 1437 843 fa-

120 871 259 915 ctum,
298 860 525 918 Isagoras
550 860 786 899 advocavit
818 858 1108 901 Cleomenem
1141 862 1433 913 Spartanum,

119 918 254 959 cuius·
284 931 370 970 ope
399 913 796 962 Alcmaeonidas,
830 923 878 954 ut
907 916 1104 955 nefariae
1139 915 1287 956 caedis
1322 915 1436 955 olim

117 973 256 1026 culpa
285 973 530 1026 pollutos,
571 969 774 1012 Athenis
808 969 963 1021 eiecit3
999 973 1074 1011 sed
1111 985 1216 1011 mox
1261 971 1356 1024 ipse
1391 976 1436 1010 et

115 1028 319 1082 Spartani
341 1027 471 1068 eiecti
488 1035 606 1067 sunt.
628 1029 706 1081 (69
720 1029 839 1079 -73.“›
869 1027 1179 1078 Athenienses,
1195 1029 1436 1080 Spartano-

114 1098 217 1125 rum
249 1083 494 1123 vindictam
523 1083 748 1133 timentes,
785 1083 1020 1122 Persarum
1051 1083 1305 1123 societatem
1338 1082 1435 1121 fru-

116 1147 204 1180 stra
240 1139 477 1192 petierunt.
512 1139 635 1190 (73.)
680 1137 822 1177 Simul
850 1139 1170 1191 Peloponnesii
1199 1146 1241 1178 et
1278 1137 1435 1178 Boeoti

117 1202 160 1235 et
183 1195 492 1234 Chalcidenses
517 1194 776 1234 invaserunt
803 1194 1009 1233 Atticam.
1032 1194 1160 1246 (74.)
1199 1196 1306 1245 Sed,
1336 1196 1437 1233 orta

117 1250 234 1290 inter
254 1252 367 1291 duos
396 1263 521 1305 reges
549 1250 872 1302 Spartanorum
894 1249 1012 1300 rixa,
1047 1250 1195 1299 (unde
1225 1250 1330 1288 dein
1362 1250 1438 1289 lea:

116 1307 317 1360 Spartae
347 1308 454 1350 lata,
481 1319 539 1345 ne
573 1305 707 1345 ambo
738 1302 888 1344 simul
910 1319 1037 1362 reges
1065 1303 1116 1345 in
1147 1306 1312 1345 bellum
1340 1303 1439 1344 exi-

117 1364 274 1412 rent,·)
300 1360 461 1414 dilapsi
481 1367 584 1400 sunt
598 1360 708 1400 socii
728 1360 1059 1413 Peloponnesii.
1083 1363 1177 1412 (75.
1198 1363 1292 1412 76.)
1320 1360 1439 1400 Dein

118 1430 145 1457 a
160 1415 377 1459 Boeotiis
393 1423 434 1457 et
450 1414 838 1460 Chalcidensibus
855 1429 1049 1468 poenam
1068 1417 1295 1470 petierunt
1311 1418 1440 1456 Athe-

118 1471 311 1525 nienses,
332 1474 458 1524 (77.)
490 1473 634 1511 multo
659 1471 753 1511 iam
780 1472 1022 1512 validiores
1045 1472 1206 1513 vicinis
1235 1472 1437 1525 populis,
1477 1512 1486 1521 x

120 1542 261 1581 quum
283 1526 409 1568 iuris
424 1525 681 1580 aequalitas
706 1527 952 1579 plurimum
970 1529 1173 1569 conferat
1193 1530 1248 1568 ad
1270 1529 1440 1569 civium

118 1583 342 1624 virtutem.
362 1585 481 1635 (78.)
512 1582 720 1624 Thebani
733 1585 833 1622 adv.
846 1583 1137 1625 Athenienses
1155 1598 1286 1636 opem
1304 1584 1442 1637 petie-

117 1635 226 1680 runt
249 1641 307 1681 ab
326 1637 596 1697 Aeginetis‚·
622 1639 699 1691 qui
719 1639 918 1692 primum
941 1639 1030 1680 illis
1050 1639 1285 1681 Aeacidas
1307 1640 1439 1680 mise-

118 1702 247 1748 runt,
272 1695 378 1737 dein
397 1695 596 1735 Atticam
623 1695 886 1748 depopulati
904 1703 1021 1736 sunt.
1042 1698 1136 1746 (81.
1159 1698 1261 1736 coll.
1284 1710 1321 1735 e.
1339 1699 1439 1751 89.)

119 1751 256 1793 Vetus
287 1749 448 1792 odium
467 1748 808 1807 Aeginetarum
835 1759 876 1790 et
900 1749 1262 1792 Atheniensium
1286 1766 1339 1792 ex
1363 1766 1439 1792 oc-

121 1806 300 1847 casione
317 1806 662 1847 simulacrorum
679 1805 882 1846 Damiae
901 1815 943 1847 et
960 1807 1223 1855 Ausi-’esiam
1247 1821 1359 1859 quae
1381 1808 1439 1849 si-

120 1862 317 1902 mulacra
341 1870 578 1915 postquam
601 1862 841 1917 Aeginetae
862 1861 1148 1916 Epidauriis
1174 1871 1438 1916 rapuerant,

119 1915 427 1958 Athenienses
446 1916 894 1975 abstrahereAegina
915 1927 1142 1964 conantes,
1160 1919 1376 1959 divinitus
1393 1920 1442 1959 in

120 1972 321 2014 furorem
342 1973 452 2026 acti,
481 1987 527 2015 se
552 1973 639 2026 ipsi
668 1981 826 2014 mutuo
850 1974 1185 2015 interemerunt.
1215 1973 1443 2029 (82-86.)

122 2029 277 2072 Unum
312 2030 508 2070 Athenas
542 2044 769 2071 reversum
808 2030 1020 2070 mulieres
1042 2027 1216 2085 fibulis
1254 2031 1443 2072 transfo-

127 2083 273 2124 diunt.
301 2085 413 2124 Inde
432 2092 623 2126 mutatus
650 2084 903 2126 mulierum
926 2084 1205 2126 Atticarum
1231 2085 1444 2128 vestitus.

129 2141 238 2191 (87-
253 2141 348 2192 89.)
376 2141 662 2193 Spartanos,
681 2139 921 2195 Hippiam
949 2142 1080 2197 Sigeo
1105 2143 1298 2182 accitum
1319 2143 1446 2183 resti·

127 2201 253 2236 tuere
270 2195 319 2235 in
349 2195 639 2248 tyrannidem
674 2198 934 2251 cogitantes,
959 2198 1118 2238 acriter
1142 2198 1344 2251 increpat
1365 2201 1445 2239 So-

128 2250 255 2292 sicles
287 2251 622 2292 Corinthiorum
665 2253 857 2308 legatus,
900 2255 1039 2309 longa
1075 2254 1276 2294 oratione
1319 2255 1443 2294 mala

131 2304 500 2348 Corinthiorum
517 2308 602 2348 sub
627 2307 848 2362 tyrannis
872 2322 1121 2362 exponens3
1140 2310 1337 2364 primum
1361 2312 1443 2350 sub

133 2359 357 2418 Cypselo‚
389 2363 467 2414 qui
490 2378 629 2415 quum
655 2364 805 2405 infans
829 2365 879 2404 in
904 2379 958 2405 eo
987 2372 1097 2407 esset
1127 2375 1174 2406 ut
1205 2367 1445 2406 trucidare-

133 2421 227 2468 tur,
247 2424 421 2469 praeter
443 2433 567 2472 spem
586 2429 783 2461 servatus
799 2427 912 2470 erat;
934 2421 1036 2460 dein
1058 2424 1140 2461 suh
1157 2420 1446 2467 Periandro,

134 2470 215 2522 qui
232 2479 402 2523 patrem
433 2475 689 2516 crudelitate
712 2476 951 2528 superavit.
981 2477 1091 2528 (90-
1108 2479 1202 2529 93.)
1232 2475 1447 2530 Hippias

133 2525 266 2566 rediit
283 2525 493 2584 Sigeum,
510 2530 620 2571 olim
637 2546 660 2571 a
678 2532 900 2571 Pisistrato
919 2531 1208 2584 Mitylenaeis
1228 2543 1445 2584 ereptum,

134 2582 382 2630 multorum
408 2584 570 2630 deinde
596 2587 711 2629 inter
729 2585 1037 2633 Athenienses
1062 2596 1104 2628 et
1130 2586 1446 2645 IVIitylenaeos
