1791 3052
266 247 356 295 IN
401 243 837 294 HERODOTI
879 241 1030 291 LIB.
1074 244 1188 293 111.
1340 246 1407 312 39

82 364 203 404 σθαι.
229 381 284 392 -
315 362 406 400 Nec
428 361 516 400 hoc
534 357 677 399 male·
707 364 749 398 et
767 356 832 398 sic
850 371 932 398 ms.
949 359 1034 399 Pc.
1069 365 1112 399 et
1135 358 1262 400 Med.
1289 365 1409 400 certe

76 413 155 458 ⁴ed.
176 417 325 457 Gron..
380 413 502 457 Ibld.
524 416 780 459 καταινέσαντος
801 413 828 453 δ”
850 413 934 475 ἐπὶ)
953 418 1199 465 καταρέσαντος
1217 413 1249 454 δὲ
1272 433 1331 454 και
1352 417 1407 455 ἐπὶ

84 472 235 515 Arch.
273 474 492 524 Copulam
524 470 657 509 habet
679 469 809 508 etiam
846 466 992 509 Vind.
1064 470 1095 509 l.
1127 474 1195 513 30.
1232 487 1316 514 παις
1348 468 1408 523 οἱ)

84 530 222 569 Abest
250 530 278 568 οἱ
313 526 461 568 Arch.
502 522 648 566 Vlnd.
725 525 755 564 l.
790 528 856 566 31·
889 522 1105 578 εκαστα)”’
1086 543 1230 566 tuoto-rou
1255 524 1407 565 Atell.

87 584 119 626 I·
151 587 217 626 33·
242 583 317 623 dvm
334 578 488 635 TOU'TWV)
514 580 644 620 αυῒίκα
660 598 719 620 702)
713 580 784 620 ’Των
805 579 896 621 Pd-

142 638 292 681 CAP.
311 635 451 678 LIV.
478 632 586 676 Lin.
617 647 657 684 4.
683 632 980 688 ὑπερέβησαν)
1008 637 1228 680 ἐπέβησαν
1255 633 1407 675 ΛΓΟῘΖ.

94 692 242 737 Vind.
260 700 301 733 et
313 692 376 732 sic
388 692 456 732 ed.
469 687 651 746 Schaefi
673 692 917 745 Vulgatum
934 697 1114 732 tuentur
1134 691 1212 731 alii
1234 703 1403 733 omnes-

86 751 119 791 l.
142 753 178 791 5.
205 747 524 792 οἷπηλοέσθησοιν
545 747 670 788 Med.
685 746 834 786 Arc-h.
858 747 995 788 Ρα33.
1019 748 1090 794 [et
1110 747 1167 787 F.
1185 747 1274 787 Pa.
1294 759 1410 798 quos

83 811 259 848 secutus
289 817 403 844 sum.
427 802 546 844 conf.
579 803 698 843 Var.
729 803 856 842 Lect.
893 804 950 842 ad
981 816 1016 842 c.
1041 804 1116 849 51,
1142 807 1210 855 9.]
1258 803 1407 858 Vulgo

88 861 406 907 ἐπηὶοέθησοιν,
443 866 485 899 et
513 858 577 899 sic
602 858 671 898 ed.
709 860 860 899 Wess.
889 872 991 898 cum
1017 858 1127 900 Ald
1158 855 1321 900 Paris.
1349 858 1407 896 A.

83 919 260 966 [nostro
279 915 365 956 PC
376 919 396 965 ]
428 916 560 956 Rem.
595 911 742 954 Vind.
815 915 846 953 l.
878 928 917 966 7.
943 912 1115 967 ἐπεόντα)
1144 917 1292 954 ἑστεῶτα
1320 912 1409 955 Pb.

85 972 116 1012 l.
136 985 174 1024 9.
201 970 420 1016 ἐπισπόμενοι
445 967 608 1013 Paris.
630 970 686 1009 B.
718 967 782 1017 [1
799 983 837 1009 e.
856 977 1007 1010 noster
1023 967 1113 1009 Pa.
1138 971 1258 1009 unde
1287 982 1409 1010 rece—-

82 1026 151 1081 pit
171 1028 259 1067 hoc
283 1027 356 1065 W
349 1040 433 1066 ess
461 1030 519 1066 At
544 1026 606 1066 sic
636 1024 769 1065 etiam
794 1025 846 1064 F.
871 1024 1011 1064 etalii
1031 1023 1193 1066 Paris.
1203 1028 1224 1075 ]
1254 1027 1307 1065 ἐπι
1310 1024 1408 1065 σπω-

84 1080 340 1130 mvmceteri.
369 1106 424 1113 —
453 1088 569 1122 certe
588 1081 709 1121 Edd.
731 1086 835 1120 ante
864 1081 1017 1121 Wess.
1083 1077 1206 1121 Ibld.
1234 1077 1411 1134 ἔκτεινον)

85 1140 274 1182 ἔκτείνοντες
296 1146 391 1177 Aecus
379 1136 566 1184 δαιμονίων
588 1135 739 1177 Arch.
760 1135 933 1176 Omissis
959 1136 1135 1177 mediis.

141 1192 291 1236 CAP.
311 1192 424 1233 LV.
460 1190 570 1234 Lin.
602 1206 637 1231 ι.
673 1194 819 1238 ὁμοῖοι
854 1190 1012 1244 scripsi
1043 1205 1144 1233 cum
1166 1191 1224 1232 F.
1256 1197 1298 1231 et
1318 1191 1410 1232 Pa.

85 1247 158 1290 Sic
183 1254 226 1289 et
249 1248 318 1289 ed
341 1246 524 1312 Schaqs.
554 1253 597 1288 et
620 1248 769 1289 Borh
809 1247 905 1288 Alii
923 1248 1109 1302 vulgo‘
1090 1267 1166 1294 ομοι
1170 1266 1212 1287 οι.
1285 1244 1410 1288 Ibid.

85 1306 224 1349 ἐγίνοντο
244 1318 298 1344 ex
316 1303 484 1344 'eisdem
503 1305 562 1345 F
582 1309 625 1344 et
639 1304 729 1349 Pa.
742 1303 906 1357 recepi.
930 1305 1113 1358 Vulgo’
1102 1306 1312 1349 εγένοντο.
1336 1305 1410 1347 ἔγε-

86 1362 195 1402 νέοιτοο
209 1359 276 1401 ed.
289 1359 438 1401 ΒΟΓῘΙ
455 1359 610 1400 invitis
626 1359 784 1401 mssils
842 1360 872 1399 l.
884 1373 920 1401 2.
946 1360 1052 1409 αἱρέθη
1077 1378 1120 1399 οιν
1144 1357 1296 1411 Σάμος)
1318 1377 1352 1397 αι
1344 1361 1409 1409 ἱρέ-

85 1418 186 1458 θκσαν
203 1419 347 1462 Σαμίοις
361 1415 510 1458 Arch·
578 1415 610 1454 l·
635 1418 675 1456 3.
703 1411 982 1465 συνεσπεσόντες)
1008 1414 1235 1459 συμπεσόντες
1259 1415 1312 1454 V
1309 1411 1408 1454 lnd.

86 1485 188 1512 cum
206 1469 462 1514 Corintho.
478 1473 636 1511 Wzss.
660 1493 713 1503 —
743 1469 860 1512 Vide
875 1471 1019 1543 Greg.
1032 1470 1146 1512 Cor.
1177 1468 1294 1509 Dial.
1316 1469 1412 1510 ion.

86 1525 128 1582 §-
153 1541 186 1567 1.
212 1534 256 1568 et
278 1526 344 1567 ibi
364 1527 510 1569 Koen.
579 1526 609 1566 l.
631 1528 670 1567 5.
696 1524 813 1586 πόλι)
834 1526 934 1566 πόλει
955 1528 1013 1566 F
1079 1526 1110 1565 l.
1140 1532 1177 1567 8.
1212 1523 1318 1570 Sip-ov
1337 1525 1407 1577 ’γοὲρ
1441 1549 1447 1556 ·

85 1581 204 1623 τούτου
224 1602 262 1626 nv
248 1580 294 1634 ν)
324 1581 432 1629 δνῖμου
450 1602 472 1623 τ
507 1600 615 1623 αυτου
644 1601 681 1626 κν
717 1578 1038 1623 Vlnd.Ach1·
1074 1580 1180 1627 δήμου
1203 1598 1323 1621 τουτου
1346 1599 1405 1622 του

86 1656 124 1680 ην
151 1636 373 1681 Corinth.
403 1637 545 1686 [Dial.
565 1637 659 1678 ion.
680 1635 719 1692 ς.
739 1641 802 1688 7.]
829 1636 909 1689 qui
927 1639 1058 1691 plura
1079 1651 1134 1677 ex
1157 1638 1245 1676 hoc
1265 1635 1410 1689 capite

85 1699 240 1734 mutua
255 1691 426 1735 sumsit.
442 1694 592 1734 Ψεεε
617 1715 671 1724 --
700 1695 973 1746 Corruptum
992 1694 1037 1735 h.
1054 1694 1086 1736 l.
1111 1691 1247 1733 fuisse
1267 1691 1410 1731 Hero-

85 1748 183 1789 doti
212 1750 491 1802 exemplum,
522 1761 613 1802 quo
637 1762 742 1790 usus
763 1755 826 1789 est
854 1746 1140 1819 Gregorius,
1164 1749 1281 1788 re'cte
1309 1760 1409 1787 mo·-

85 1804 187 1845 nuit
219 1806 363 1847 Koen.
387 1807 419 1846 l.
445 1819 483 1845 c.
550 1805 579 1844 l.
608 1820 650 1859 9.
687 1807 820 1850 ἐτίμα
846 1822 882 1845 τε
912 1802 1042 1858 Σαμ.)
1077 1806 1265 1850 {rap-iro
1308 1810 1412 1849 Σοιμ.

85 1860 201 1904 Ask.
227 1861 364 1902 Ρα33.
390 1861 480 1911 [F.
499 1860 588 1902 Pb.
607 1859 700 1903 Pd.
732 1874 790 1900 ne
823 1858 871 1899 id
899 1859 1085 1912 quidem
1109 1860 1250 1911 male,
1284 1871 1411 1899 more

85 1922 202 1957 certe
215 1914 808 1987 Homerico.]Pluca1-ehus
812 1917 866 1956 de
880 1916 1108 1971 Malign.p
1114 1917 1231 1954 ..860
1249 1927 1289 1953 c.
1301 1915 1412 1954 haec

87 1973 386 2012 taxat-WESS.
443 1929 1230 2033 l.1o.r02’5vmx)025vochrch.Vind.
1285 1966 1410 2010 Ibld·

88 2031 117 2068 οἶ
143 2029 163 2068 o‘
192 2045 304 2079 warne
332 2028 481 2070 Arc-h.
510 2028 563 2069 V
559 2025 656 2068 md
682 2027 796 2069 Ask.
817 2028 955 2068 Ρα33.
987 2022 1150 2069 Paris.
1176 2027 1234 2067 B.
1262 2026 1346 2078 [F.
1367 2031 1412 2066 et

86 2081 167 2123 alii
189 2080 369 2137 Paris]
399 2085 417 2124 ὅ
443 2084 593 2124 deerat
612 2082 726 2124 aliis.
784 2083 812 2122 l.
843 2095 907 2123 12.
932 2080 1116 2136 ταφῆναι)
1148 2083 1318 2127 ταφθηναι
1339 2082 1411 2122 ed.

86 2139 236 2179 Borh.
255 2137 514 2179 nolentibus
533 2140 578 2178 h.
598 2140 627 2179 l.
656 2137 814 2180 msstis.
879 2136 1004 2180 Ibid.
1036 2138 1106 2179 ὑπο·
1125 2133 1313 2189 Σαμίων.)
1339 2137 1410 2178 v‘no'

88 2198 230 2238 Σαμίων
259 2191 298 2253 εξ
327 2193 439 2236 Ald.
475 2194 526 2235 V
523 2191 619 2235 ind
647 2191 809 2235 Paris.
834 2192 896 2235 A.
927 2196 1002 2242 [et
1026 2193 1094 2234 ed.
1125 2194 1275 2234 Wess.
1308 2205 1412 2236 cum

89 2248 202 2290 aliis.
209 2251 233 2300 ]
261 2245 298 2290 εὖ
326 2251 396 2291 v‘m'
427 2254 570 2295 Σαμίων
591 2248 739 2290 Arch.
777 2250 913 2290 Abest
935 2268 969 2291 ευ
996 2249 1122 2292 Med.
1141 2249 1278 2290 Pass.
1297 2246 1414 2288 Ask-

87 2328 144 2336 —
162 2304 337 2347 itemF.
357 2312 399 2346 et
414 2305 499 2347 Pb
533 2307 586 2345 Et
604 2305 752 2346 delevi
773 2319 874 2345 cum
887 2304 1070 2364 Schaef
1087 2318 1271 2357 vocem,
1296 2317 1410 2356 quae

90 2373 145 2400 ex
162 2360 334 2400 scholio
363 2361 527 2401 adscita
549 2361 694 2401 videri
715 2360 884 2402 debuit.

146 2415 293 2457 CAP·
311 2416 452 2458 LVI.
487 2415 597 2458 Lin.
630 2430 668 2457 2·
692 2415 1075 2478 τεσσεοοέκ.)τεσσαρ’
1049 2435 1110 2458 ocae.
1131 2415 1190 2457 F·
1260 2414 1290 2454 l·
1317 2425 1355 2463 4·
1383 2415 1413 2459 ἔς

92 2471 277 2511 Πελοπόνν.
307 2472 432 2512 Med.
458 2472 571 2513 Ask.
589 2473 729 2515 Pass.
755 2472 904 2514 Arch
935 2470 1073 2513 Vind.
1102 2470 1185 2525 [F.
1215 2466 1378 2511 Paris.
1389 2470 1411 2517 ]

92 2527 124 2578 ἐς
154 2544 213 2570 την
239 2534 372 2568 Πελοπ.
399 2526 513 2568 Ald.
541 2534 584 2570 et
606 2528 701 2571 alii.
771 2529 804 2569 l.
829 2531 869 2568 6.
896 2527 1068 2575 μολύβδου
1096 2527 1236 2569 Pass.
1263 2523 1414 2568 Ascli·
